
<record>
  <controlfield tag="001">229071</controlfield>
  <controlfield tag="005">20180317092338.0</controlfield>
  <datafield tag="013" ind1=" " ind2=" ">
    <subfield code="a">JP2004163269</subfield>
    <subfield code="c">A</subfield>
    <subfield code="b">JP</subfield>
    <subfield code="d">20040610</subfield>
  </datafield>
  <datafield tag="024" ind1="7" ind2="0">
    <subfield code="a">32807557</subfield>
    <subfield code="2">EPO Family ID</subfield>
  </datafield>
  <datafield tag="024" ind1="7" ind2="0">
    <subfield code="a">6.0330</subfield>
    <subfield code="2">TTO</subfield>
  </datafield>
  <datafield tag="037" ind1=" " ind2=" ">
    <subfield code="a">PATENT</subfield>
  </datafield>
  <datafield tag="245" ind1=" " ind2=" ">
    <subfield code="a">Microchip using transparent hydrocarbon polymer</subfield>
  </datafield>
  <datafield tag="260" ind1=" " ind2=" ">
    <subfield code="c">2004</subfield>
  </datafield>
  <datafield tag="269" ind1=" " ind2=" ">
    <subfield code="a">2004</subfield>
  </datafield>
  <datafield tag="336" ind1=" " ind2=" ">
    <subfield code="a">Patents</subfield>
  </datafield>
  <datafield tag="520" ind1=" " ind2=" ">
    <subfield code="a">PROBLEM TO BE SOLVED: To provide a resin microchip having a microchannel having a transparent flow passage of low absorption in an ultraviolet area sealed with a fine upper substrate of excellent surface smoothness and high dimensional precision. ;SOLUTION: This microchip for conducting electric and/or optical measurement for a liquid sample has at least a lower substrate having a micro flow passage through which the liquid sample flows, and the upper substrate. In the microchip, at least the lower substrate comprises a transparent hydrocarbon polymer expressed by formula (1), and a relative element concentration of oxygen by X-ray photoelectron spectrometry (XPS) analysis is 5at% or more at least on the surface on the side having the flow passage of the lower substrate. ;COPYRIGHT: (C)2004,JPO</subfield>
  </datafield>
  <datafield tag="700" ind1=" " ind2=" ">
    <subfield code="a">Giraut, Hubert H</subfield>
  </datafield>
  <datafield tag="700" ind1=" " ind2=" ">
    <subfield code="a">Sanechika, Kenichi</subfield>
  </datafield>
  <datafield tag="700" ind1=" " ind2=" ">
    <subfield code="a">Shishido, Junichi</subfield>
  </datafield>
  <datafield tag="909" ind1="C" ind2="0">
    <subfield code="p">TTO</subfield>
    <subfield code="0">252085</subfield>
    <subfield code="x">U10021</subfield>
  </datafield>
  <datafield tag="937" ind1=" " ind2=" ">
    <subfield code="a">EPFL-PATENT-229071</subfield>
  </datafield>
  <datafield tag="973" ind1=" " ind2=" ">
    <subfield code="a">EPFL</subfield>
  </datafield>
  <datafield tag="980" ind1=" " ind2=" ">
    <subfield code="a">PATENT</subfield>
  </datafield>
</record>