
<record>
  <controlfield tag="001">228406</controlfield>
  <controlfield tag="005">20180317092336.0</controlfield>
  <datafield tag="013" ind1=" " ind2=" ">
    <subfield code="a">WO2014184752</subfield>
    <subfield code="c">A1</subfield>
    <subfield code="b">WO</subfield>
    <subfield code="d">20141120</subfield>
  </datafield>
  <datafield tag="024" ind1="7" ind2="0">
    <subfield code="a">50980337</subfield>
    <subfield code="2">EPO Family ID</subfield>
  </datafield>
  <datafield tag="024" ind1="7" ind2="0">
    <subfield code="a">6.1290</subfield>
    <subfield code="2">TTO</subfield>
  </datafield>
  <datafield tag="037" ind1=" " ind2=" ">
    <subfield code="a">PATENT</subfield>
  </datafield>
  <datafield tag="245" ind1=" " ind2=" ">
    <subfield code="a">Cmos compatible non-volatile latch and d-flip flop using resistive switching materials</subfield>
  </datafield>
  <datafield tag="260" ind1=" " ind2=" ">
    <subfield code="c">2014</subfield>
  </datafield>
  <datafield tag="269" ind1=" " ind2=" ">
    <subfield code="a">2014</subfield>
  </datafield>
  <datafield tag="336" ind1=" " ind2=" ">
    <subfield code="a">Patents</subfield>
  </datafield>
  <datafield tag="520" ind1=" " ind2=" ">
    <subfield code="a">A non-volatile latch circuitry, comprising a Re RAM cell configured to store a final value of the non-volatile latch circuitry; a data selection circuitry configured to connect or disconnect a data input to a plus voltage node and a minus voltage node of the Re Ram cell depending on a clock input voltage level; a pull down transistor configured to set a first voltage level at the minus voltage node to a logically low voltage level if the data input is not connected to the plus and minus voltage nodes of the Re RAM cell; a bias circuitry configured to provide a fix bias current to set a second voltage level at the plus voltage node to a varying voltage level depending on the resistor value of the Re RAM cell if the data input is not connected to the plus voltage node; and a threshold adjusted circuitry arranged to convert an analog value of the second voltage level into a digital value and configured to generate an output signal and / or an inverted output signal.</subfield>
  </datafield>
  <datafield tag="700" ind1=" " ind2=" ">
    <subfield code="a">Demirci, Tugba</subfield>
  </datafield>
  <datafield tag="700" ind1=" " ind2=" ">
    <subfield code="a">Sacchetto, Davide</subfield>
  </datafield>
  <datafield tag="700" ind1=" " ind2=" ">
    <subfield code="a">Leblebici, Yusuf</subfield>
  </datafield>
  <datafield tag="909" ind1="C" ind2="0">
    <subfield code="p">TTO</subfield>
    <subfield code="0">252085</subfield>
    <subfield code="x">U10021</subfield>
  </datafield>
  <datafield tag="937" ind1=" " ind2=" ">
    <subfield code="a">EPFL-PATENT-228406</subfield>
  </datafield>
  <datafield tag="973" ind1=" " ind2=" ">
    <subfield code="a">EPFL</subfield>
  </datafield>
  <datafield tag="980" ind1=" " ind2=" ">
    <subfield code="a">PATENT</subfield>
  </datafield>
</record>