
<record>
  <controlfield tag="001">228154</controlfield>
  <controlfield tag="005">20180913064326.0</controlfield>
  <datafield tag="013" ind1=" " ind2=" ">
    <subfield code="a">WO2016139570</subfield>
    <subfield code="c">A1</subfield>
    <subfield code="b">WO</subfield>
    <subfield code="d">20160909</subfield>
  </datafield>
  <datafield tag="013" ind1=" " ind2=" ">
    <subfield code="a">EP3065190</subfield>
    <subfield code="c">A1</subfield>
    <subfield code="b">EP</subfield>
    <subfield code="d">20160907</subfield>
  </datafield>
  <datafield tag="024" ind1="7" ind2="0">
    <subfield code="a">52589308</subfield>
    <subfield code="2">EPO Family ID</subfield>
  </datafield>
  <datafield tag="024" ind1="7" ind2="0">
    <subfield code="a">5.0044</subfield>
    <subfield code="2">TTO</subfield>
  </datafield>
  <datafield tag="037" ind1=" " ind2=" ">
    <subfield code="a">PATENT</subfield>
  </datafield>
  <datafield tag="245" ind1=" " ind2=" ">
    <subfield code="a">Small molecule hole transporting material for optoelectronic and photoelectrochemical devices</subfield>
  </datafield>
  <datafield tag="260" ind1=" " ind2=" ">
    <subfield code="c">2016</subfield>
  </datafield>
  <datafield tag="269" ind1=" " ind2=" ">
    <subfield code="a">2016</subfield>
  </datafield>
  <datafield tag="336" ind1=" " ind2=" ">
    <subfield code="a">Patents</subfield>
  </datafield>
  <datafield tag="520" ind1=" " ind2=" ">
    <subfield code="a">The present invention relates to a compound of formula (I) based on carbazole substituted by diphenylamine and used as organic hole conductors or hole transporting material in a optoelectronic or photoelectrochemical device. (I), D being being selected from formula (1) or (2):</subfield>
  </datafield>
  <datafield tag="700" ind1=" " ind2=" ">
    <subfield code="a">Gratia, Paul</subfield>
    <subfield code="g">186477</subfield>
    <subfield code="0">247534</subfield>
  </datafield>
  <datafield tag="700" ind1=" " ind2=" ">
    <subfield code="a">Nazeeruddin, Mohammad Khaja</subfield>
    <subfield code="g">105958</subfield>
    <subfield code="0">240422</subfield>
  </datafield>
  <datafield tag="700" ind1=" " ind2=" ">
    <subfield code="a">Graetzel, Michael</subfield>
    <subfield code="g">105292</subfield>
    <subfield code="0">240191</subfield>
  </datafield>
  <datafield tag="700" ind1=" " ind2=" ">
    <subfield code="a">Getautis, Vytaudas</subfield>
  </datafield>
  <datafield tag="700" ind1=" " ind2=" ">
    <subfield code="a">Magomedov, Artiom</subfield>
  </datafield>
  <datafield tag="700" ind1=" " ind2=" ">
    <subfield code="a">Malinauskas, Tadas</subfield>
  </datafield>
  <datafield tag="700" ind1=" " ind2=" ">
    <subfield code="a">Daskeviciene, Maryte</subfield>
  </datafield>
  <datafield tag="909" ind1="C" ind2="0">
    <subfield code="p">TTO</subfield>
    <subfield code="0">252085</subfield>
    <subfield code="x">U10021</subfield>
  </datafield>
  <datafield tag="909" ind1="C" ind2="0">
    <subfield code="p">GMF</subfield>
    <subfield code="0">252519</subfield>
    <subfield code="x">U12965</subfield>
  </datafield>
  <datafield tag="909" ind1="C" ind2="0">
    <subfield code="p">LPI</subfield>
    <subfield code="0">252060</subfield>
    <subfield code="x">U10101</subfield>
  </datafield>
  <datafield tag="909" ind1="C" ind2="O">
    <subfield code="o">oai:infoscience.tind.io:228154</subfield>
    <subfield code="p">SB</subfield>
  </datafield>
  <datafield tag="917" ind1="Z" ind2="8">
    <subfield code="x">105528</subfield>
  </datafield>
  <datafield tag="937" ind1=" " ind2=" ">
    <subfield code="a">EPFL-PATENT-228154</subfield>
  </datafield>
  <datafield tag="973" ind1=" " ind2=" ">
    <subfield code="a">EPFL</subfield>
  </datafield>
  <datafield tag="980" ind1=" " ind2=" ">
    <subfield code="a">PATENT</subfield>
  </datafield>
</record>