
<record>
  <controlfield tag="001">227912</controlfield>
  <controlfield tag="005">20190317000704.0</controlfield>
  <datafield tag="013" ind1=" " ind2=" ">
    <subfield code="a">US9712845</subfield>
    <subfield code="c">B2</subfield>
    <subfield code="b">US</subfield>
    <subfield code="d">20170718</subfield>
  </datafield>
  <datafield tag="013" ind1=" " ind2=" ">
    <subfield code="a">US2017034523</subfield>
    <subfield code="c">A1</subfield>
    <subfield code="b">US</subfield>
    <subfield code="d">20170202</subfield>
  </datafield>
  <datafield tag="024" ind1="7" ind2="0">
    <subfield code="a">57883532</subfield>
    <subfield code="2">EPO Family ID</subfield>
  </datafield>
  <datafield tag="024" ind1="7" ind2="0">
    <subfield code="a">6.1521</subfield>
    <subfield code="2">TTO</subfield>
  </datafield>
  <datafield tag="037" ind1=" " ind2=" ">
    <subfield code="a">PATENT</subfield>
  </datafield>
  <datafield tag="245" ind1=" " ind2=" ">
    <subfield code="a">Media content processing method</subfield>
  </datafield>
  <datafield tag="260" ind1=" " ind2=" ">
    <subfield code="c">2017</subfield>
  </datafield>
  <datafield tag="269" ind1=" " ind2=" ">
    <subfield code="a">2017</subfield>
  </datafield>
  <datafield tag="336" ind1=" " ind2=" ">
    <subfield code="a">Patents</subfield>
  </datafield>
  <datafield tag="520" ind1=" " ind2=" ">
    <subfield code="a">The present invention concerns a method of encoding a media bitstream of a media content. The media bitstream comprises a payload portion for the media content, and an overhead portion, different from the payload portion. The method comprises the steps of: modifying a part of the payload portion of the media bitstream, the modified part representing a region of the media content; and inserting the said part, as unmodified, into the overhead portion of the modified media bitstream for later reconstruction of the unmodified payload portion, such that the modified part in the media bitstream can be decoded without decoding the part as unmodified from the overhead portion. The invention also relates to a method of decoding, to an encoder and to a decoder.</subfield>
  </datafield>
  <datafield tag="700" ind1=" " ind2=" ">
    <subfield code="a">Ebrahimi, Touradj</subfield>
    <subfield code="g">105043</subfield>
    <subfield code="0">240223</subfield>
  </datafield>
  <datafield tag="700" ind1=" " ind2=" ">
    <subfield code="a">Yuan, Lin</subfield>
    <subfield code="g">210270</subfield>
    <subfield code="0">248094</subfield>
  </datafield>
  <datafield tag="856" ind1="4" ind2=" ">
    <subfield code="z">URL</subfield>
    <subfield code="u">https://worldwide.espacenet.com/publicationDetails/biblio?DB=EPODOC&amp;II=0&amp;ND=3&amp;adjacent=true&amp;bcId=2&amp;locale=en_EP&amp;return=true&amp;FT=D&amp;date=20170202&amp;CC=US&amp;NR=2017034523A1&amp;KC=A1</subfield>
  </datafield>
  <datafield tag="909" ind1="C" ind2="0">
    <subfield code="p">MMSPL</subfield>
    <subfield code="0">252077</subfield>
  </datafield>
  <datafield tag="909" ind1="C" ind2="O">
    <subfield code="o">oai:infoscience.tind.io:227912</subfield>
    <subfield code="p">STI</subfield>
    <subfield code="q">GLOBAL_SET</subfield>
  </datafield>
  <datafield tag="917" ind1="Z" ind2="8">
    <subfield code="x">210270</subfield>
  </datafield>
  <datafield tag="937" ind1=" " ind2=" ">
    <subfield code="a">EPFL-PATENT-227912</subfield>
  </datafield>
  <datafield tag="973" ind1=" " ind2=" ">
    <subfield code="a">EPFL</subfield>
  </datafield>
  <datafield tag="980" ind1=" " ind2=" ">
    <subfield code="a">PATENT</subfield>
  </datafield>
</record>