
<record>
  <controlfield tag="001">99870</controlfield>
  <controlfield tag="005">20190316233929.0</controlfield>
  <datafield tag="013" ind1=" " ind2=" ">
    <subfield code="a">US5796409</subfield>
    <subfield code="c">A</subfield>
    <subfield code="b">US</subfield>
    <subfield code="d">19980818</subfield>
  </datafield>
  <datafield tag="013" ind1=" " ind2=" ">
    <subfield code="a">US5768490</subfield>
    <subfield code="c">A</subfield>
    <subfield code="b">US</subfield>
    <subfield code="d">19980616</subfield>
  </datafield>
  <datafield tag="024" ind1="7" ind2="0">
    <subfield code="a">21925893</subfield>
    <subfield code="2">EPO Family ID</subfield>
  </datafield>
  <datafield tag="037" ind1=" " ind2=" ">
    <subfield code="a">PATENT</subfield>
  </datafield>
  <datafield tag="245" ind1=" " ind2=" ">
    <subfield code="a">Method for producing contrast-controlled grayscale characters</subfield>
  </datafield>
  <datafield tag="260" ind1=" " ind2=" ">
    <subfield code="c">2001</subfield>
  </datafield>
  <datafield tag="269" ind1=" " ind2=" ">
    <subfield code="a">2001</subfield>
  </datafield>
  <datafield tag="336" ind1=" " ind2=" ">
    <subfield code="a">Patents</subfield>
  </datafield>
  <datafield tag="520" ind1=" " ind2=" ">
    <subfield code="a">The invention teaches grayscale specific character outline modification techniques for synthesizing contrast controlled grayscale pixmap characters of improved appearance at any resolution and size. In addition, methods for computing the visually optimal spacing of any two characters taking into account outline shape modifications induced by the character contrast control method. The synthesis of contrast controlled grayscale characters may include the following outline modification steps: (1) modifying the height of the character by placing its reference lines on pixel boundaries of the target pixel array, (2) verifying and correcting the width of character strokes such as bars and curved stems, (3) modifying the placement of vertical and horizontal bars and of bar-like terminal elements so as to ensure that each bar or terminal element has at least one high-contrast edge, (4) modifying the placement of vertical and horizontal curved stems so as to ensure similar optical correction behavior and similar intensity profile behavior of curved character parts throughout the characters of the considered character set. Visually optimal spacing of characters is obtained by converting the geometric space between the right, respectively left border of a character and its right, respectively left reference lines into its visually perceived equivalent. Converting between geometric and visually perceived spaces implies smoothing out the right, respectively left borders of the character and replacing them by virtual borders which represent the perceived space boundaries. The optimal visual distance between the origin of the first character and the origin of the next one is obtained by requiring the characters to have a perceived visual space equal or close to an ideal perceived visual space called ideal optical space extracted from adequately spaced character pairs such as "nn" for lower-case and "HH" for capital letters.</subfield>
  </datafield>
  <datafield tag="700" ind1=" " ind2=" ">
    <subfield code="a">Hersch, R.D.</subfield>
    <subfield code="g">105390</subfield>
    <subfield code="0">242314</subfield>
  </datafield>
  <datafield tag="700" ind1=" " ind2=" ">
    <subfield code="a">Bétrisey, C.</subfield>
  </datafield>
  <datafield tag="700" ind1=" " ind2=" ">
    <subfield code="a">Bur, J.</subfield>
  </datafield>
  <datafield tag="856" ind1="4" ind2=" ">
    <subfield code="z">URL</subfield>
    <subfield code="u">http://patft.uspto.gov/netacgi/nph-Parser?Sect2=PTO1&amp;Sect2=HITOFF&amp;p=1&amp;u=%2Fnetahtml%2FPTO%2Fsearch-bool.html&amp;r=1&amp;f=G&amp;l=50&amp;d=PALL&amp;RefSrch=yes&amp;Query=PN%2F5796409</subfield>
  </datafield>
  <datafield tag="909" ind1="C" ind2="0">
    <subfield code="p">LSP</subfield>
    <subfield code="0">252034</subfield>
    <subfield code="x">U10417</subfield>
  </datafield>
  <datafield tag="909" ind1="C" ind2="O">
    <subfield code="o">oai:infoscience.tind.io:99870</subfield>
    <subfield code="p">IC</subfield>
    <subfield code="q">GLOBAL_SET</subfield>
  </datafield>
  <datafield tag="937" ind1=" " ind2=" ">
    <subfield code="a">LSP-PATENT-2001-002</subfield>
  </datafield>
  <datafield tag="970" ind1=" " ind2=" ">
    <subfield code="a">2114/LSP</subfield>
  </datafield>
  <datafield tag="973" ind1=" " ind2=" ">
    <subfield code="a">EPFL</subfield>
    <subfield code="s">PUBLISHED</subfield>
  </datafield>
  <datafield tag="980" ind1=" " ind2=" ">
    <subfield code="a">PATENT</subfield>
  </datafield>
</record>