
<record>
  <controlfield tag="001">81170</controlfield>
  <controlfield tag="005">20180317094223.0</controlfield>
  <datafield tag="013" ind1=" " ind2=" ">
    <subfield code="a">86-295025 292219</subfield>
  </datafield>
  <datafield tag="037" ind1=" " ind2=" ">
    <subfield code="a">PATENT</subfield>
  </datafield>
  <datafield tag="245" ind1=" " ind2=" ">
    <subfield code="a">Dewatering of sludges having a high solids content using a polymeric flocculant</subfield>
  </datafield>
  <datafield tag="260" ind1=" " ind2=" ">
    <subfield code="c">1991</subfield>
    <subfield code="b">(Akademie der Wissenschaften der DDR, Germany).</subfield>
  </datafield>
  <datafield tag="269" ind1=" " ind2=" ">
    <subfield code="a">1991</subfield>
  </datafield>
  <datafield tag="336" ind1=" " ind2=" ">
    <subfield code="a">Patents</subfield>
  </datafield>
  <datafield tag="520" ind1=" " ind2=" ">
    <subfield code="a">Sludges having a high solids content, e.g., from industrial wastewater or sewage treatment, are dewatered using a high-mol. poly(di-Me diallyl ammonium chloride) and a water-sol., high-mol., highly crosslinked copolymer of di-Me diallyl ammonium chloride and 0.1-3.0 mol % of a crosslinking polymer chosen from >=1 of Me triallyl ammonium chloride, tetraallyl ammonium chloride, triallyl amine hydrochloride, N,N,N',N'-tetraallyl ethylene diamine hydrochloride, and methylene bisacrylamide. The latter copolymer is used in amts. of 0.01-0.5 %, based on dry solids, at 276-310 K. [on SciFinder (R)]</subfield>
  </datafield>
  <datafield tag="700" ind1=" " ind2=" ">
    <subfield code="a">Wandrey, Christine</subfield>
    <subfield code="g">112792</subfield>
    <subfield code="0">241193</subfield>
  </datafield>
  <datafield tag="700" ind1=" " ind2=" ">
    <subfield code="a">Hahn, Mathias</subfield>
  </datafield>
  <datafield tag="700" ind1=" " ind2=" ">
    <subfield code="a">Jaeger, Werner</subfield>
  </datafield>
  <datafield tag="700" ind1=" " ind2=" ">
    <subfield code="a">Jobmann, Monika</subfield>
  </datafield>
  <datafield tag="700" ind1=" " ind2=" ">
    <subfield code="a">Gohlke, Ulrich</subfield>
  </datafield>
  <datafield tag="700" ind1=" " ind2=" ">
    <subfield code="a">Staeck, Rainer</subfield>
  </datafield>
  <datafield tag="700" ind1=" " ind2=" ">
    <subfield code="a">Sass, Dieter</subfield>
  </datafield>
  <datafield tag="909" ind1="C" ind2="0">
    <subfield code="p">LMRP</subfield>
    <subfield code="0">252196</subfield>
    <subfield code="x">U11032</subfield>
  </datafield>
  <datafield tag="937" ind1=" " ind2=" ">
    <subfield code="a">LMRP-PATENT-1991-002</subfield>
  </datafield>
  <datafield tag="970" ind1=" " ind2=" ">
    <subfield code="a">202/LMRP</subfield>
  </datafield>
  <datafield tag="973" ind1=" " ind2=" ">
    <subfield code="a">EPFL</subfield>
    <subfield code="s">PUBLISHED</subfield>
  </datafield>
  <datafield tag="980" ind1=" " ind2=" ">
    <subfield code="a">PATENT</subfield>
  </datafield>
</record>