
<record>
  <controlfield tag="001">80324</controlfield>
  <controlfield tag="005">20180317093602.0</controlfield>
  <datafield tag="013" ind1=" " ind2=" ">
    <subfield code="a">92-120930 601229</subfield>
  </datafield>
  <datafield tag="037" ind1=" " ind2=" ">
    <subfield code="a">PATENT</subfield>
  </datafield>
  <datafield tag="245" ind1=" " ind2=" ">
    <subfield code="a">A method for exciting transverse magnetization in magnetic resonance</subfield>
  </datafield>
  <datafield tag="260" ind1=" " ind2=" ">
    <subfield code="c">1994</subfield>
    <subfield code="b">(Spectrospin AG, Switz.).</subfield>
  </datafield>
  <datafield tag="269" ind1=" " ind2=" ">
    <subfield code="a">1994</subfield>
  </datafield>
  <datafield tag="336" ind1=" " ind2=" ">
    <subfield code="a">Patents</subfield>
  </datafield>
  <datafield tag="520" ind1=" " ind2=" ">
    <subfield code="a">In a method for exciting transverse magnetization by irradiating a nuclear spin system subjected to a const. magnetic field with a frequency-modulated RF-pulse (chirp-pulse) and with a further frequency-modulated RF-pulse (further chirp-pulse) for refocusing the magnetization, the RF-pulse and the further RF-pulse overlap each other in time at least partially. Thus, the duration of the pulses can be reduced. [on SciFinder (R)]</subfield>
  </datafield>
  <datafield tag="700" ind1=" " ind2=" ">
    <subfield code="a">Bodenhausen, Geoffrey</subfield>
    <subfield code="g">122795</subfield>
    <subfield code="0">243177</subfield>
  </datafield>
  <datafield tag="700" ind1=" " ind2=" ">
    <subfield code="a">Ermakov, Vladimir L.</subfield>
  </datafield>
  <datafield tag="909" ind1="C" ind2="O">
    <subfield code="o">oai:infoscience.tind.io:80324</subfield>
    <subfield code="p">SB</subfield>
  </datafield>
  <datafield tag="909" ind1="C" ind2="0">
    <subfield code="p">LRMB</subfield>
    <subfield code="0">252152</subfield>
    <subfield code="x">U10098</subfield>
  </datafield>
  <datafield tag="937" ind1=" " ind2=" ">
    <subfield code="a">LRMB-PATENT-1994-001</subfield>
  </datafield>
  <datafield tag="970" ind1=" " ind2=" ">
    <subfield code="a">124/LRMB</subfield>
  </datafield>
  <datafield tag="973" ind1=" " ind2=" ">
    <subfield code="a">EPFL</subfield>
    <subfield code="s">PUBLISHED</subfield>
  </datafield>
  <datafield tag="980" ind1=" " ind2=" ">
    <subfield code="a">PATENT</subfield>
  </datafield>
</record>