
<record>
  <controlfield tag="001">228110</controlfield>
  <controlfield tag="005">20180318102418.0</controlfield>
  <datafield tag="013" ind1=" " ind2=" ">
    <subfield code="a">EP3198563</subfield>
    <subfield code="c">A2</subfield>
    <subfield code="b">EP</subfield>
    <subfield code="d">20170802</subfield>
  </datafield>
  <datafield tag="013" ind1=" " ind2=" ">
    <subfield code="a">WO2016046785</subfield>
    <subfield code="c">A3</subfield>
    <subfield code="b">WO</subfield>
    <subfield code="d">20160526</subfield>
  </datafield>
  <datafield tag="013" ind1=" " ind2=" ">
    <subfield code="a">CA2962213</subfield>
    <subfield code="c">A1</subfield>
    <subfield code="b">CA</subfield>
    <subfield code="d">20160331</subfield>
  </datafield>
  <datafield tag="013" ind1=" " ind2=" ">
    <subfield code="a">WO2016046785</subfield>
    <subfield code="c">A2</subfield>
    <subfield code="b">WO</subfield>
    <subfield code="d">20160331</subfield>
  </datafield>
  <datafield tag="013" ind1=" " ind2=" ">
    <subfield code="a">CN106716498</subfield>
    <subfield code="c">A</subfield>
    <subfield code="b">CN</subfield>
    <subfield code="d">20170524</subfield>
  </datafield>
  <datafield tag="024" ind1="7" ind2="0">
    <subfield code="a">54366478</subfield>
    <subfield code="2">EPO Family ID</subfield>
  </datafield>
  <datafield tag="024" ind1="7" ind2="0">
    <subfield code="a">6.1431</subfield>
    <subfield code="2">TTO</subfield>
  </datafield>
  <datafield tag="037" ind1=" " ind2=" ">
    <subfield code="a">PATENT</subfield>
  </datafield>
  <datafield tag="245" ind1=" " ind2=" ">
    <subfield code="a">Medial axis transformation as a solid modeling representation method for computer aided design software</subfield>
  </datafield>
  <datafield tag="260" ind1=" " ind2=" ">
    <subfield code="c">2016</subfield>
  </datafield>
  <datafield tag="269" ind1=" " ind2=" ">
    <subfield code="a">2016</subfield>
  </datafield>
  <datafield tag="336" ind1=" " ind2=" ">
    <subfield code="a">Patents</subfield>
  </datafield>
  <datafield tag="520" ind1=" " ind2=" ">
    <subfield code="a">A method for achieving a representation of an object within a data structure for a Computer Aided Design system employing a Medial Axis Transformation (MAT), the representation of the object comprising a set of adjacent bounded surface elements called MAT faces, the MAT faces being bound by sets of MAT edges, which are portions of curves lying on a surface of the MAT faces on either side of the edge, and points where several MAT faces meet are called MAT vertices. The method comprises at least defining each of the MAT vertices as points in a space domain; assigning a radius function to each of the MAT vertices, based on only a single value; defining each of the MAT edges as a curve in space; defining limits of each of the MAT edges as two MAT vertexes which lie on the curve; assigning a radius function to each of the MAT edges; defining each of MAT faces as a surface in space; defining the limits of each of the MAT faces as a MAT loop, comprising at least three MAT edges, sharing each a MAT node, whereby a direction, clockwise or counter-clockwise, of the MAT loop defines on which side of the MAT loop the MAT face will be formed; defining the MAT links as the edges which are shared by at least two MAT faces; assigning a radius function to each of the MAT faces; and defining a MAT object as a connected set of MAT faces, edges and vertices.</subfield>
  </datafield>
  <datafield tag="700" ind1=" " ind2=" ">
    <subfield code="a">Lazar, Mihai-bogdan</subfield>
  </datafield>
  <datafield tag="700" ind1=" " ind2=" ">
    <subfield code="a">Stroud, Ian Anthony</subfield>
    <subfield code="g">112844</subfield>
    <subfield code="0">244327</subfield>
  </datafield>
  <datafield tag="700" ind1=" " ind2=" ">
    <subfield code="a">Xirouchakis, Paul</subfield>
    <subfield code="g">107556</subfield>
    <subfield code="0">243953</subfield>
  </datafield>
  <datafield tag="700" ind1=" " ind2=" ">
    <subfield code="a">Goualard, Guillaume</subfield>
    <subfield code="g">186221</subfield>
    <subfield code="0">248352</subfield>
  </datafield>
  <datafield tag="700" ind1=" " ind2=" ">
    <subfield code="a">Barras, Florian</subfield>
    <subfield code="g">170220</subfield>
    <subfield code="0">247994</subfield>
  </datafield>
  <datafield tag="909" ind1="C" ind2="0">
    <subfield code="p">TTO</subfield>
    <subfield code="0">252085</subfield>
    <subfield code="x">U10021</subfield>
  </datafield>
  <datafield tag="909" ind1="C" ind2="0">
    <subfield code="p">LICP</subfield>
    <subfield code="0">252295</subfield>
    <subfield code="x">U10361</subfield>
  </datafield>
  <datafield tag="937" ind1=" " ind2=" ">
    <subfield code="a">EPFL-PATENT-228110</subfield>
  </datafield>
  <datafield tag="973" ind1=" " ind2=" ">
    <subfield code="a">EPFL</subfield>
  </datafield>
  <datafield tag="980" ind1=" " ind2=" ">
    <subfield code="a">PATENT</subfield>
  </datafield>
</record>