
<record>
  <controlfield tag="001">228070</controlfield>
  <controlfield tag="005">20181030185519.0</controlfield>
  <datafield tag="013" ind1=" " ind2=" ">
    <subfield code="a">US9276573</subfield>
    <subfield code="c">B2</subfield>
    <subfield code="b">US</subfield>
    <subfield code="d">20160301</subfield>
  </datafield>
  <datafield tag="013" ind1=" " ind2=" ">
    <subfield code="a">US2016028396</subfield>
    <subfield code="c">A1</subfield>
    <subfield code="b">US</subfield>
    <subfield code="d">20160128</subfield>
  </datafield>
  <datafield tag="024" ind1="7" ind2="0">
    <subfield code="a">55167533</subfield>
    <subfield code="2">EPO Family ID</subfield>
  </datafield>
  <datafield tag="024" ind1="7" ind2="0">
    <subfield code="a">6.1369</subfield>
    <subfield code="2">TTO</subfield>
  </datafield>
  <datafield tag="037" ind1=" " ind2=" ">
    <subfield code="a">PATENT</subfield>
  </datafield>
  <datafield tag="245" ind1=" " ind2=" ">
    <subfield code="a">High-performance low-power near-vt resistive memory-based fpga</subfield>
  </datafield>
  <datafield tag="260" ind1=" " ind2=" ">
    <subfield code="c">2016</subfield>
  </datafield>
  <datafield tag="269" ind1=" " ind2=" ">
    <subfield code="a">2016</subfield>
  </datafield>
  <datafield tag="336" ind1=" " ind2=" ">
    <subfield code="a">Patents</subfield>
  </datafield>
  <datafield tag="520" ind1=" " ind2=" ">
    <subfield code="a">A Field Programmable Gate Array (FPGA) of the island-type comprising a plurality of cluster-based Configurable Logic Blocks (CLBs), whereby each of the cluster-based CLBs is surrounded by a global routing structure formed by a plurality of multiplexers and pass/transmission-gates organized in Switch Boxes (SBs) and Connection Blocks (CBs), the switch boxes and the connection blocks comprising at least a first plurality of resistive memories inserted in a data path of a first routing architecture of the switch boxes and the connection blocks. Each CLB contains Basic Logic Elements (BLEs), as well as local routing resources.</subfield>
  </datafield>
  <datafield tag="700" ind1=" " ind2=" ">
    <subfield code="a">Gaillardon, Pierre-emmanuel</subfield>
    <subfield code="g">217069</subfield>
    <subfield code="0">245716</subfield>
  </datafield>
  <datafield tag="700" ind1=" " ind2=" ">
    <subfield code="a">Tang, Xifan</subfield>
    <subfield code="g">214644</subfield>
    <subfield code="0">247487</subfield>
  </datafield>
  <datafield tag="700" ind1=" " ind2=" ">
    <subfield code="a">De Micheli, Giovanni</subfield>
    <subfield code="g">167918</subfield>
    <subfield code="0">240269</subfield>
  </datafield>
  <datafield tag="909" ind1="C" ind2="0">
    <subfield code="p">TTO</subfield>
    <subfield code="0">252085</subfield>
    <subfield code="x">U10021</subfield>
  </datafield>
  <datafield tag="909" ind1="C" ind2="0">
    <subfield code="p">LSI2</subfield>
    <subfield code="0">252284</subfield>
    <subfield code="x">U11189</subfield>
  </datafield>
  <datafield tag="909" ind1="C" ind2="O">
    <subfield code="o">oai:infoscience.tind.io:228070</subfield>
    <subfield code="p">STI</subfield>
    <subfield code="q">IC</subfield>
  </datafield>
  <datafield tag="917" ind1="Z" ind2="8">
    <subfield code="x">214644</subfield>
  </datafield>
  <datafield tag="937" ind1=" " ind2=" ">
    <subfield code="a">EPFL-PATENT-228070</subfield>
  </datafield>
  <datafield tag="973" ind1=" " ind2=" ">
    <subfield code="a">EPFL</subfield>
  </datafield>
  <datafield tag="980" ind1=" " ind2=" ">
    <subfield code="a">PATENT</subfield>
  </datafield>
</record>