
<record>
  <controlfield tag="001">224553</controlfield>
  <controlfield tag="005">20180913064124.0</controlfield>
  <datafield tag="013" ind1=" " ind2=" ">
    <subfield code="a">US8378758</subfield>
    <subfield code="c">B2</subfield>
    <subfield code="b">US</subfield>
    <subfield code="d">20130219</subfield>
  </datafield>
  <datafield tag="013" ind1=" " ind2=" ">
    <subfield code="a">US2011260802</subfield>
    <subfield code="c">A1</subfield>
    <subfield code="b">US</subfield>
    <subfield code="d">20111027</subfield>
  </datafield>
  <datafield tag="024" ind1="7" ind2="0">
    <subfield code="a">44815304</subfield>
    <subfield code="2">EPO Family ID</subfield>
  </datafield>
  <datafield tag="037" ind1=" " ind2=" ">
    <subfield code="a">PATENT</subfield>
  </datafield>
  <datafield tag="245" ind1=" " ind2=" ">
    <subfield code="a">Parametric feedback oscillators</subfield>
  </datafield>
  <datafield tag="260" ind1=" " ind2=" ">
    <subfield code="c">2011</subfield>
  </datafield>
  <datafield tag="269" ind1=" " ind2=" ">
    <subfield code="a">2011</subfield>
  </datafield>
  <datafield tag="336" ind1=" " ind2=" ">
    <subfield code="a">Patents</subfield>
  </datafield>
  <datafield tag="520" ind1=" " ind2=" ">
    <subfield code="a">A parametric feedback oscillator includes a resonator which has at least one transduction element and at least one electromechanical resonating element. The resonator is configured to accept as input a parametric excitation signal at a frequency 2[omega]0 and to provide a resonating output signal at a frequency [omega]0. A cascaded feedback path in any electrically coupled cascade order includes at least one non-linear element, at least one phase shifter electrically, and at least one amplifier. The cascade feedback path is configured to receive as input the resonating output signal at a frequency [omega]0 and configured to provide as output a feedback path signal as the parametric excitation signal at a frequency 2[omega]0 to the resonator.; A parametric feedback oscillator output terminal is configured to provide the resonating output signal at the frequency [omega]0 as an output signal. A method of causing a parametric feedback oscillation is also described.</subfield>
  </datafield>
  <datafield tag="700" ind1=" " ind2=" ">
    <subfield code="a">Villanueva, Guillermo</subfield>
    <subfield code="g">176631</subfield>
    <subfield code="0">240380</subfield>
  </datafield>
  <datafield tag="700" ind1=" " ind2=" ">
    <subfield code="a">Karabalin, Rassul</subfield>
  </datafield>
  <datafield tag="700" ind1=" " ind2=" ">
    <subfield code="a">Matheny, Matthew</subfield>
  </datafield>
  <datafield tag="700" ind1=" " ind2=" ">
    <subfield code="a">Feng, Philip X.l</subfield>
  </datafield>
  <datafield tag="700" ind1=" " ind2=" ">
    <subfield code="a">Cross, Michael C</subfield>
  </datafield>
  <datafield tag="700" ind1=" " ind2=" ">
    <subfield code="a">Roukes, Michael L</subfield>
  </datafield>
  <datafield tag="909" ind1="C" ind2="0">
    <subfield code="p">NEMS</subfield>
    <subfield code="0">252546</subfield>
    <subfield code="x">U12739</subfield>
  </datafield>
  <datafield tag="909" ind1="C" ind2="O">
    <subfield code="o">oai:infoscience.tind.io:224553</subfield>
    <subfield code="p">STI</subfield>
  </datafield>
  <datafield tag="917" ind1="Z" ind2="8">
    <subfield code="x">176631</subfield>
  </datafield>
  <datafield tag="937" ind1=" " ind2=" ">
    <subfield code="a">EPFL-PATENT-224553</subfield>
  </datafield>
  <datafield tag="973" ind1=" " ind2=" ">
    <subfield code="a">OTHER</subfield>
  </datafield>
  <datafield tag="980" ind1=" " ind2=" ">
    <subfield code="a">PATENT</subfield>
  </datafield>
</record>