
<record>
  <controlfield tag="001">223650</controlfield>
  <controlfield tag="005">20190317000607.0</controlfield>
  <datafield tag="013" ind1=" " ind2=" ">
    <subfield code="a">US9014295</subfield>
    <subfield code="b">US</subfield>
  </datafield>
  <datafield tag="037" ind1=" " ind2=" ">
    <subfield code="a">PATENT</subfield>
  </datafield>
  <datafield tag="245" ind1=" " ind2=" ">
    <subfield code="a">Methods and systems for power-efficient inductive chip-to-chip communications</subfield>
  </datafield>
  <datafield tag="260" ind1=" " ind2=" ">
    <subfield code="c">2015</subfield>
  </datafield>
  <datafield tag="269" ind1=" " ind2=" ">
    <subfield code="a">2015</subfield>
  </datafield>
  <datafield tag="336" ind1=" " ind2=" ">
    <subfield code="a">Patents</subfield>
  </datafield>
  <datafield tag="520" ind1=" " ind2=" ">
    <subfield code="a">Digital information is communicated between stacked integrated circuit devices by inductive coupling between arrays of inductors formed from integrated circuit wiring layers. This can be done using a combination of push-pull drivers, common inductor return legs, and balanced sparse ternary encoding. Embodiments result in low power utilization and high pin efficiency.</subfield>
  </datafield>
  <datafield tag="653" ind1="1" ind2=" ">
    <subfield code="a">algoweb_pat_electronics</subfield>
  </datafield>
  <datafield tag="653" ind1="1" ind2=" ">
    <subfield code="a">Chord signaling</subfield>
  </datafield>
  <datafield tag="653" ind1="1" ind2=" ">
    <subfield code="a">SerDes</subfield>
  </datafield>
  <datafield tag="653" ind1="1" ind2=" ">
    <subfield code="a">Inductive coupling</subfield>
  </datafield>
  <datafield tag="700" ind1=" " ind2=" ">
    <subfield code="a">Shokrollahi, Amin</subfield>
    <subfield code="g">156849</subfield>
    <subfield code="0">241952</subfield>
  </datafield>
  <datafield tag="700" ind1=" " ind2=" ">
    <subfield code="a">Cronie, Harm</subfield>
    <subfield code="g">171578</subfield>
    <subfield code="0">243424</subfield>
  </datafield>
  <datafield tag="700" ind1=" " ind2=" ">
    <subfield code="a">Ulrich, Roger</subfield>
  </datafield>
  <datafield tag="856" ind1="4" ind2=" ">
    <subfield code="z">URL</subfield>
    <subfield code="u">http://patft.uspto.gov/netacgi/nph-Parser?Sect1=PTO2&amp;Sect2=HITOFF&amp;p=1&amp;u=%2Fnetahtml%2FPTO%2Fsearch-bool.html&amp;r=1&amp;f=G&amp;l=50&amp;co1=AND&amp;d=PTXT&amp;s1=%229014295%22.PN.&amp;OS=PN/</subfield>
  </datafield>
  <datafield tag="909" ind1="C" ind2="0">
    <subfield code="p">ALGO</subfield>
    <subfield code="0">252198</subfield>
    <subfield code="x">U10735</subfield>
  </datafield>
  <datafield tag="909" ind1="C" ind2="O">
    <subfield code="o">oai:infoscience.tind.io:223650</subfield>
    <subfield code="p">IC</subfield>
    <subfield code="q">GLOBAL_SET</subfield>
  </datafield>
  <datafield tag="917" ind1="Z" ind2="8">
    <subfield code="x">276415</subfield>
  </datafield>
  <datafield tag="917" ind1="Z" ind2="8">
    <subfield code="x">276415</subfield>
  </datafield>
  <datafield tag="937" ind1=" " ind2=" ">
    <subfield code="a">EPFL-PATENT-223650</subfield>
  </datafield>
  <datafield tag="973" ind1=" " ind2=" ">
    <subfield code="a">OTHER</subfield>
  </datafield>
  <datafield tag="980" ind1=" " ind2=" ">
    <subfield code="a">PATENT</subfield>
  </datafield>
</record>