
<record>
  <controlfield tag="001">216876</controlfield>
  <controlfield tag="005">20180913063619.0</controlfield>
  <datafield tag="013" ind1=" " ind2=" ">
    <subfield code="a">US20140300370</subfield>
    <subfield code="c">A1</subfield>
    <subfield code="b">US</subfield>
  </datafield>
  <datafield tag="037" ind1=" " ind2=" ">
    <subfield code="a">PATENT</subfield>
  </datafield>
  <datafield tag="245" ind1=" " ind2=" ">
    <subfield code="a">Efficient Method Based on the Electromagnetic Time Reversal to Locate Faults in Power Network</subfield>
  </datafield>
  <datafield tag="260" ind1=" " ind2=" ">
    <subfield code="c">2014</subfield>
    <subfield code="b">Technology Transfer Office EPFL</subfield>
  </datafield>
  <datafield tag="269" ind1=" " ind2=" ">
    <subfield code="a">2014</subfield>
  </datafield>
  <datafield tag="300" ind1=" " ind2=" ">
    <subfield code="a">1-10</subfield>
  </datafield>
  <datafield tag="336" ind1=" " ind2=" ">
    <subfield code="a">Patents</subfield>
  </datafield>
  <datafield tag="520" ind1=" " ind2=" ">
    <subfield code="a">A time reversal process for determining a fault location in an electrical power network comprising multi-conductor lines, comprises measuring at an observation point located anywhere along one of the multi-conductor lines, for each of the conductors of the multi-conductor line, respectively a fault-originated electromagnetic transient signal; defining a set of guessed fault locations each having a different determined location in the electrical power network, and each of the guessed fault locations is attributed a same arbitrary fault impedance; defining a network model for the electrical power network, based on its topology and multi-conductor lines electrical parameters capable of reproducing in the network model the electromagnetic traveling waves; and computing for each conductor a time inversion of the measured fault-originated electromagnetic transients signal. The time reversal process method further comprises, as detailed herein, back-injecting a computed time inversion; calculating fault current signal energy; and identifying the fault location.</subfield>
  </datafield>
  <datafield tag="653" ind1="1" ind2=" ">
    <subfield code="a">Fault location</subfield>
  </datafield>
  <datafield tag="653" ind1="1" ind2=" ">
    <subfield code="a">Electromagnetic time reversal</subfield>
  </datafield>
  <datafield tag="653" ind1="1" ind2=" ">
    <subfield code="a">Power systems</subfield>
  </datafield>
  <datafield tag="700" ind1=" " ind2=" ">
    <subfield code="a">Paolone, Mario</subfield>
    <subfield code="g">156731</subfield>
    <subfield code="0">245463</subfield>
  </datafield>
  <datafield tag="700" ind1=" " ind2=" ">
    <subfield code="a">Rachidi, Farhad</subfield>
    <subfield code="g">106170</subfield>
    <subfield code="0">240565</subfield>
  </datafield>
  <datafield tag="700" ind1=" " ind2=" ">
    <subfield code="a">Mahmoudimanesh, Hossein</subfield>
  </datafield>
  <datafield tag="700" ind1=" " ind2=" ">
    <subfield code="a">Razzaghi, Reza</subfield>
    <subfield code="g">212123</subfield>
    <subfield code="0">246330</subfield>
  </datafield>
  <datafield tag="700" ind1=" " ind2=" ">
    <subfield code="a">Lugrin, Gaspard</subfield>
    <subfield code="g">175869</subfield>
    <subfield code="0">245879</subfield>
  </datafield>
  <datafield tag="909" ind1="C" ind2="0">
    <subfield code="p">DESL</subfield>
    <subfield code="0">252423</subfield>
    <subfield code="x">U12494</subfield>
  </datafield>
  <datafield tag="909" ind1="C" ind2="0">
    <subfield code="p">EMC</subfield>
    <subfield code="0">252310</subfield>
    <subfield code="x">U12147</subfield>
  </datafield>
  <datafield tag="909" ind1="C" ind2="O">
    <subfield code="o">oai:infoscience.tind.io:216876</subfield>
    <subfield code="p">STI</subfield>
  </datafield>
  <datafield tag="917" ind1="Z" ind2="8">
    <subfield code="x">156731</subfield>
  </datafield>
  <datafield tag="917" ind1="Z" ind2="8">
    <subfield code="x">156731</subfield>
  </datafield>
  <datafield tag="937" ind1=" " ind2=" ">
    <subfield code="a">EPFL-PATENT-216876</subfield>
  </datafield>
  <datafield tag="973" ind1=" " ind2=" ">
    <subfield code="a">EPFL</subfield>
  </datafield>
  <datafield tag="980" ind1=" " ind2=" ">
    <subfield code="a">PATENT</subfield>
  </datafield>
</record>