
<record>
  <controlfield tag="001">211814</controlfield>
  <controlfield tag="005">20181221101953.0</controlfield>
  <datafield tag="013" ind1=" " ind2=" ">
    <subfield code="a">CH706053</subfield>
    <subfield code="c">B1</subfield>
    <subfield code="b">CH</subfield>
    <subfield code="d">20170815</subfield>
  </datafield>
  <datafield tag="013" ind1=" " ind2=" ">
    <subfield code="a">WO2012076994</subfield>
    <subfield code="c">A1</subfield>
    <subfield code="b">WO</subfield>
    <subfield code="d">20120614</subfield>
  </datafield>
  <datafield tag="024" ind1="7" ind2="0">
    <subfield code="a">6.1017.1</subfield>
    <subfield code="2">TTO</subfield>
  </datafield>
  <datafield tag="024" ind1="7" ind2="0">
    <subfield code="a">44907912</subfield>
    <subfield code="2">EPO Family ID</subfield>
  </datafield>
  <datafield tag="037" ind1=" " ind2=" ">
    <subfield code="a">PATENT</subfield>
  </datafield>
  <datafield tag="245" ind1=" " ind2=" ">
    <subfield code="a">Passive components for millimeter, submillimeter and terahertz electromagnetic waves made by piling up successive layers of material</subfield>
  </datafield>
  <datafield tag="260" ind1=" " ind2=" ">
    <subfield code="c">2012</subfield>
  </datafield>
  <datafield tag="269" ind1=" " ind2=" ">
    <subfield code="a">2012</subfield>
  </datafield>
  <datafield tag="336" ind1=" " ind2=" ">
    <subfield code="a">Patents</subfield>
  </datafield>
  <datafield tag="520" ind1=" " ind2=" ">
    <subfield code="a">The passive component for the transmission and manipulation of electromagnetic signals having frequencies from 30 GHz to 100 THz, comprises a corrugated or smooth wall unit alone or an assembly of at least one corrugated or smooth wall unit in a hollow guiding rod. The external shape of said unit(s) corresponds to the internal shape of the hollow guiding rod, and said units or the entire assembly may be metal plated to form the component. The manufacturing method of such components includes building units or sub units by piling up successive layers of material using 3D printing, 3D microfabrication based on 2-photon photopolymerisation, stereolithography, selective laser sintering (SLS), electron beam melting (EBM). The units or sub units are later possibly metal plated on selective or all surfaces.</subfield>
  </datafield>
  <datafield tag="700" ind1=" " ind2=" ">
    <subfield code="a">Macor, Alessandro</subfield>
    <subfield code="g">192093</subfield>
    <subfield code="0">242286</subfield>
  </datafield>
  <datafield tag="700" ind1=" " ind2=" ">
    <subfield code="a">Ansermet, Jean-philippe</subfield>
    <subfield code="g">104398</subfield>
    <subfield code="0">241039</subfield>
  </datafield>
  <datafield tag="700" ind1=" " ind2=" ">
    <subfield code="a">de Rijk, Emile Jacques</subfield>
    <subfield code="g">170755</subfield>
    <subfield code="0">245100</subfield>
  </datafield>
  <datafield tag="909" ind1="C" ind2="0">
    <subfield code="p">LPMN</subfield>
    <subfield code="0">252254</subfield>
    <subfield code="x">U10149</subfield>
  </datafield>
  <datafield tag="909" ind1="C" ind2="0">
    <subfield code="p">TTO</subfield>
    <subfield code="0">252085</subfield>
    <subfield code="x">U10021</subfield>
  </datafield>
  <datafield tag="909" ind1="C" ind2="O">
    <subfield code="o">oai:infoscience.tind.io:211814</subfield>
    <subfield code="p">SB</subfield>
  </datafield>
  <datafield tag="917" ind1="Z" ind2="8">
    <subfield code="x">104398</subfield>
  </datafield>
  <datafield tag="937" ind1=" " ind2=" ">
    <subfield code="a">EPFL-PATENT-211814</subfield>
  </datafield>
  <datafield tag="973" ind1=" " ind2=" ">
    <subfield code="a">EPFL</subfield>
  </datafield>
  <datafield tag="980" ind1=" " ind2=" ">
    <subfield code="a">PATENT</subfield>
  </datafield>
</record>