
<record>
  <controlfield tag="001">211720</controlfield>
  <controlfield tag="005">20190601123803.0</controlfield>
  <datafield tag="013" ind1=" " ind2=" ">
    <subfield code="a">US7902929</subfield>
    <subfield code="c">B2</subfield>
    <subfield code="b">US</subfield>
    <subfield code="d">20110308</subfield>
  </datafield>
  <datafield tag="013" ind1=" " ind2=" ">
    <subfield code="a">US2009128241</subfield>
    <subfield code="c">A1</subfield>
    <subfield code="b">US</subfield>
    <subfield code="d">20090521</subfield>
  </datafield>
  <datafield tag="013" ind1=" " ind2=" ">
    <subfield code="a">US7479834</subfield>
    <subfield code="c">B2</subfield>
    <subfield code="b">US</subfield>
    <subfield code="d">20090120</subfield>
  </datafield>
  <datafield tag="013" ind1=" " ind2=" ">
    <subfield code="a">US2007040617</subfield>
    <subfield code="c">A1</subfield>
    <subfield code="b">US</subfield>
    <subfield code="d">20070222</subfield>
  </datafield>
  <datafield tag="013" ind1=" " ind2=" ">
    <subfield code="a">WO2005081406</subfield>
    <subfield code="c">A1</subfield>
    <subfield code="b">WO</subfield>
    <subfield code="d">20050901</subfield>
  </datafield>
  <datafield tag="013" ind1=" " ind2=" ">
    <subfield code="a">EP1564890</subfield>
    <subfield code="c">A1</subfield>
    <subfield code="b">EP</subfield>
    <subfield code="d">20050817</subfield>
  </datafield>
  <datafield tag="024" ind1="7" ind2="0">
    <subfield code="a">6.0470</subfield>
    <subfield code="2">TTO</subfield>
  </datafield>
  <datafield tag="024" ind1="7" ind2="0">
    <subfield code="a">34684756</subfield>
    <subfield code="2">EPO Family ID</subfield>
  </datafield>
  <datafield tag="037" ind1=" " ind2=" ">
    <subfield code="a">PATENT</subfield>
  </datafield>
  <datafield tag="245" ind1=" " ind2=" ">
    <subfield code="a">Analogue self-calibration method and apparatus for low noise, fast and wide-locking range phase locked loop</subfield>
  </datafield>
  <datafield tag="260" ind1=" " ind2=" ">
    <subfield code="c">2005</subfield>
  </datafield>
  <datafield tag="269" ind1=" " ind2=" ">
    <subfield code="a">2005</subfield>
  </datafield>
  <datafield tag="336" ind1=" " ind2=" ">
    <subfield code="a">Patents</subfield>
  </datafield>
  <datafield tag="520" ind1=" " ind2=" ">
    <subfield code="a">A method and apparatus for a fast and automatic setting of the phase locked loop (PLL) output frequency that significantly improves linearity, locking range as well as spectrum purity, jitter and phase noise performances is disclosed. I n one embodiment, a PLL frequency synthesizer is disclosed having a reconfigurable voltage controlled oscillator VCO with three modes of operation: a Linear-High-gain, Zero-gain, and Low-gain mode. During a first tuning operation, the VCO work in a linear high gain mode, enabling a totally analogue self-calibration of the PLL over a wide frequency tuning range and with a fast settling time. During this operation the control voltage at the input of the VCO is varied by the PLL until the appropriate output frequency is found. A method for providing a linear variation of the frequency over all the voltage tuning range during this mode is disclosed. When the loop is locked, the VCO is automatically switched to the Zero-gain mode while keeping its frequency unchanged. Its sensitivity to the noise in the control path is then practically eliminated and its phase noise performances significantly improved. If the frequency error and phase noise are sufficiently small for the considered application the tuning is stopped. If the error and phase noise are not sufficiently small the VCO is switched .again to Low-gain mode and fine-tuning adjustment of the output frequency is achieved.</subfield>
  </datafield>
  <datafield tag="700" ind1=" " ind2=" ">
    <subfield code="a">Koukab, Adil</subfield>
    <subfield code="g">122433</subfield>
    <subfield code="0">(EPFLAUTH)122433</subfield>
  </datafield>
  <datafield tag="700" ind1=" " ind2=" ">
    <subfield code="a">Declercq, Michel</subfield>
    <subfield code="g">104896</subfield>
    <subfield code="0">(EPFLAUTH)104896</subfield>
  </datafield>
  <datafield tag="909" ind1="C" ind2="0">
    <subfield code="p">LEG1</subfield>
    <subfield code="0">252174</subfield>
  </datafield>
  <datafield tag="909" ind1="C" ind2="0">
    <subfield code="p">TTO</subfield>
    <subfield code="0">252085</subfield>
    <subfield code="x">U10021</subfield>
  </datafield>
  <datafield tag="937" ind1=" " ind2=" ">
    <subfield code="a">EPFL-PATENT-211720</subfield>
  </datafield>
  <datafield tag="973" ind1=" " ind2=" ">
    <subfield code="a">EPFL</subfield>
  </datafield>
  <datafield tag="980" ind1=" " ind2=" ">
    <subfield code="a">PATENT</subfield>
  </datafield>
</record>