
<record>
  <controlfield tag="001">195678</controlfield>
  <controlfield tag="005">20190416055539.0</controlfield>
  <datafield tag="013" ind1=" " ind2=" ">
    <subfield code="a">US8327312</subfield>
    <subfield code="c">B2</subfield>
    <subfield code="b">US</subfield>
    <subfield code="d">20121204</subfield>
  </datafield>
  <datafield tag="013" ind1=" " ind2=" ">
    <subfield code="a">US2012030643</subfield>
    <subfield code="c">A1</subfield>
    <subfield code="b">US</subfield>
    <subfield code="d">20120202</subfield>
  </datafield>
  <datafield tag="024" ind1="7" ind2="0">
    <subfield code="a">45528008</subfield>
    <subfield code="2">EPO Family ID</subfield>
  </datafield>
  <datafield tag="037" ind1=" " ind2=" ">
    <subfield code="a">PATENT</subfield>
  </datafield>
  <datafield tag="245" ind1=" " ind2=" ">
    <subfield code="a">Assessing printability of a very-large-scale integration design</subfield>
  </datafield>
  <datafield tag="260" ind1=" " ind2=" ">
    <subfield code="c">2012</subfield>
    <subfield code="b">United States Patent and Trademark Office</subfield>
  </datafield>
  <datafield tag="269" ind1=" " ind2=" ">
    <subfield code="a">2012</subfield>
  </datafield>
  <datafield tag="336" ind1=" " ind2=" ">
    <subfield code="a">Patents</subfield>
  </datafield>
  <datafield tag="520" ind1=" " ind2=" ">
    <subfield code="a">Printability of a very-large-scale integration design is assessed by: during a training phase, generating a training set of very-large-scale integration design shapes representative of a population of very-large-scale integration design shapes, obtaining a set of mathematical representations of respective shapes in the training set, identifying at least two classes of physical events causally linked to the printability for the very-large-scale integration design shapes, each of the classes being associated to a respective level of printability, labeling each mathematical representation of the set according to one of the identified classes, based on a lithography model, and selecting a probabilistic model function maximizing a probability of a class, given the set of mathematical representations; and during a testing phase, providing a very-large-scale integration design shape to be tested, testing the provided very-large-scale integration design shape, and labeling the provided very-large-scale integration design shape according to the identified class.</subfield>
  </datafield>
  <datafield tag="700" ind1=" " ind2=" ">
    <subfield code="a">Kryszczuk, Krzysztof</subfield>
  </datafield>
  <datafield tag="700" ind1=" " ind2=" ">
    <subfield code="a">Hurley, Paul</subfield>
  </datafield>
  <datafield tag="700" ind1=" " ind2=" ">
    <subfield code="a">Ranieri, Juri</subfield>
    <subfield code="g">196523</subfield>
    <subfield code="0">244415</subfield>
  </datafield>
  <datafield tag="700" ind1=" " ind2=" ">
    <subfield code="a">Scheibler, Robin</subfield>
    <subfield code="g">161208</subfield>
    <subfield code="0">246726</subfield>
  </datafield>
  <datafield tag="856" ind1="4" ind2=" ">
    <subfield code="y">n/a</subfield>
    <subfield code="s">1259150</subfield>
    <subfield code="z">n/a</subfield>
    <subfield code="u">http://infoscience.epfl.ch/record/195678/files/US8327312.pdf</subfield>
  </datafield>
  <datafield tag="909" ind1="C" ind2="0">
    <subfield code="p">ISC</subfield>
    <subfield code="0">252435</subfield>
    <subfield code="x">U10423</subfield>
  </datafield>
  <datafield tag="909" ind1="C" ind2="O">
    <subfield code="o">oai:infoscience.epfl.ch:195678</subfield>
    <subfield code="q">GLOBAL_SET</subfield>
  </datafield>
  <datafield tag="917" ind1="Z" ind2="8">
    <subfield code="x">161208</subfield>
  </datafield>
  <datafield tag="917" ind1="Z" ind2="8">
    <subfield code="x">148230</subfield>
  </datafield>
  <datafield tag="937" ind1=" " ind2=" ">
    <subfield code="a">EPFL-PATENT-195678</subfield>
  </datafield>
  <datafield tag="973" ind1=" " ind2=" ">
    <subfield code="a">OTHER</subfield>
  </datafield>
  <datafield tag="980" ind1=" " ind2=" ">
    <subfield code="a">PATENT</subfield>
  </datafield>
</record>