
<record>
  <controlfield tag="001">182861</controlfield>
  <controlfield tag="005">20190416055813.0</controlfield>
  <datafield tag="013" ind1=" " ind2=" ">
    <subfield code="a">BR112013013913</subfield>
    <subfield code="c">A2</subfield>
    <subfield code="b">BR</subfield>
    <subfield code="d">20160913</subfield>
  </datafield>
  <datafield tag="013" ind1=" " ind2=" ">
    <subfield code="a">US2014050449</subfield>
    <subfield code="c">A1</subfield>
    <subfield code="b">US</subfield>
    <subfield code="d">20140220</subfield>
  </datafield>
  <datafield tag="013" ind1=" " ind2=" ">
    <subfield code="a">EP2649479</subfield>
    <subfield code="c">A2</subfield>
    <subfield code="b">EP</subfield>
    <subfield code="d">20131016</subfield>
  </datafield>
  <datafield tag="013" ind1=" " ind2=" ">
    <subfield code="a">CN103299222</subfield>
    <subfield code="c">A</subfield>
    <subfield code="b">CN</subfield>
    <subfield code="d">20130911</subfield>
  </datafield>
  <datafield tag="013" ind1=" " ind2=" ">
    <subfield code="a">WO2012077070</subfield>
    <subfield code="c">A3</subfield>
    <subfield code="b">WO</subfield>
    <subfield code="d">20120907</subfield>
  </datafield>
  <datafield tag="013" ind1=" " ind2=" ">
    <subfield code="a">CA2819314</subfield>
    <subfield code="c">A1</subfield>
    <subfield code="b">CA</subfield>
    <subfield code="d">20120614</subfield>
  </datafield>
  <datafield tag="013" ind1=" " ind2=" ">
    <subfield code="a">WO2012077070</subfield>
    <subfield code="c">A2</subfield>
    <subfield code="b">WO</subfield>
    <subfield code="d">20120614</subfield>
  </datafield>
  <datafield tag="024" ind1="7" ind2="0">
    <subfield code="a">45509569</subfield>
    <subfield code="2">EPO Family ID</subfield>
  </datafield>
  <datafield tag="024" ind1="7" ind2="0">
    <subfield code="a">6.1021</subfield>
    <subfield code="2">TTO</subfield>
  </datafield>
  <datafield tag="037" ind1=" " ind2=" ">
    <subfield code="a">PATENT</subfield>
  </datafield>
  <datafield tag="245" ind1=" " ind2=" ">
    <subfield code="a">Optical Fibre optimized for the Reduction of Nonlinear effects</subfield>
  </datafield>
  <datafield tag="260" ind1=" " ind2=" ">
    <subfield code="c">2012</subfield>
    <subfield code="b">World Intellectual Property Organization</subfield>
  </datafield>
  <datafield tag="269" ind1=" " ind2=" ">
    <subfield code="a">2012</subfield>
  </datafield>
  <datafield tag="300" ind1=" " ind2=" ">
    <subfield code="a">9</subfield>
  </datafield>
  <datafield tag="336" ind1=" " ind2=" ">
    <subfield code="a">Patents</subfield>
  </datafield>
  <datafield tag="500" ind1=" " ind2=" ">
    <subfield code="a">International Filing Date: 07.12.2011 Publication Date: 14.06.2012</subfield>
  </datafield>
  <datafield tag="520" ind1=" " ind2=" ">
    <subfield code="a">An optical fibre designed to simultaneously attenuate the effect of modulation instability and stimulated Raman scattering. A first solution proposes to use non-zero dispersion shifted fibres in the normal dispersion regime to reduce both influences at the same time. A further solution proposes to implement corresponding filter elements in the signal line. A still further solution proposes to additionally provide absorber elements for the Raman wavelengths or to design the core as a leaky one for these wavelengths.</subfield>
  </datafield>
  <datafield tag="700" ind1=" " ind2=" ">
    <subfield code="a">Thévenaz, Luc</subfield>
    <subfield code="g">106544</subfield>
    <subfield code="0">240503</subfield>
  </datafield>
  <datafield tag="856" ind1="4" ind2=" ">
    <subfield code="z">URL</subfield>
    <subfield code="u">http://patentscope.wipo.int/search/en/WO2012077070</subfield>
  </datafield>
  <datafield tag="856" ind1="4" ind2=" ">
    <subfield code="y">Publisher's version</subfield>
    <subfield code="s">317264</subfield>
    <subfield code="z">Publisher's version</subfield>
    <subfield code="u">http://infoscience.epfl.ch/record/182861/files/WO2012077070%28A2%29.pdf</subfield>
  </datafield>
  <datafield tag="909" ind1="C" ind2="0">
    <subfield code="p">THEVE</subfield>
    <subfield code="0">252088</subfield>
    <subfield code="x">US05033</subfield>
  </datafield>
  <datafield tag="909" ind1="C" ind2="0">
    <subfield code="p">SCI-STI-LT</subfield>
    <subfield code="0">252591</subfield>
    <subfield code="x">U12146</subfield>
  </datafield>
  <datafield tag="909" ind1="C" ind2="0">
    <subfield code="p">TTO</subfield>
    <subfield code="0">252085</subfield>
    <subfield code="x">U10021</subfield>
  </datafield>
  <datafield tag="909" ind1="C" ind2="O">
    <subfield code="o">oai:infoscience.tind.io:182861</subfield>
    <subfield code="p">STI</subfield>
    <subfield code="q">GLOBAL_SET</subfield>
  </datafield>
  <datafield tag="917" ind1="Z" ind2="8">
    <subfield code="x">106544</subfield>
  </datafield>
  <datafield tag="917" ind1="Z" ind2="8">
    <subfield code="x">106544</subfield>
  </datafield>
  <datafield tag="937" ind1=" " ind2=" ">
    <subfield code="a">EPFL-PATENT-182861</subfield>
  </datafield>
  <datafield tag="973" ind1=" " ind2=" ">
    <subfield code="a">EPFL</subfield>
    <subfield code="s">PUBLISHED</subfield>
  </datafield>
  <datafield tag="980" ind1=" " ind2=" ">
    <subfield code="a">PATENT</subfield>
  </datafield>
</record>