
<record>
  <controlfield tag="001">181458</controlfield>
  <controlfield tag="005">20190416055811.0</controlfield>
  <datafield tag="013" ind1=" " ind2=" ">
    <subfield code="a">US20110103500</subfield>
    <subfield code="b">US</subfield>
    <subfield code="d">2011</subfield>
  </datafield>
  <datafield tag="037" ind1=" " ind2=" ">
    <subfield code="a">PATENT</subfield>
  </datafield>
  <datafield tag="245" ind1=" " ind2=" ">
    <subfield code="a">Methods and apparatus for estimating a sparse channel</subfield>
  </datafield>
  <datafield tag="260" ind1=" " ind2=" ">
    <subfield code="c">2011</subfield>
    <subfield code="b">USPTO</subfield>
  </datafield>
  <datafield tag="269" ind1=" " ind2=" ">
    <subfield code="a">2011</subfield>
  </datafield>
  <datafield tag="300" ind1=" " ind2=" ">
    <subfield code="a">20</subfield>
  </datafield>
  <datafield tag="336" ind1=" " ind2=" ">
    <subfield code="a">Patents</subfield>
  </datafield>
  <datafield tag="520" ind1=" " ind2=" ">
    <subfield code="a">Embodiments include a method for sending a selected number of pilots (20) to a sparse channel having a channel impulse response limited in time comprising sending the selected number of the pilots (20). The pilots (20) are equally spaced in the frequency domain the number is selected based on the finite rate of innovation of the channel impulse response. Once received the pilots (20), such a channel is estimated by: low-pass filtering (100) the received pilots, sampling (200) the filtered pilots with a rate below the Nyquist rate of the pilots, applying a FFT (300) on the sampled pilots, verifying (500) the level of noise of the transformed pilots, if the level of noise is below to a determined threshold, applying an annihilating filter method (600) to the transformed pilots, and dividing the temporal parameters by the distance (D) between two consecutive pilots.</subfield>
  </datafield>
  <datafield tag="700" ind1=" " ind2=" ">
    <subfield code="a">Vetterli, Martin</subfield>
    <subfield code="g">107537</subfield>
    <subfield code="0">240184</subfield>
  </datafield>
  <datafield tag="700" ind1=" " ind2=" ">
    <subfield code="a">Barbotin, Yann</subfield>
    <subfield code="g">160144</subfield>
    <subfield code="0">242506</subfield>
  </datafield>
  <datafield tag="700" ind1=" " ind2=" ">
    <subfield code="a">Hormati, Ali</subfield>
    <subfield code="g">171232</subfield>
    <subfield code="0">242499</subfield>
  </datafield>
  <datafield tag="856" ind1="4" ind2=" ">
    <subfield code="y">n/a</subfield>
    <subfield code="s">136997</subfield>
    <subfield code="z">n/a</subfield>
    <subfield code="u">http://infoscience.epfl.ch/record/181458/files/US20110103500.pdf</subfield>
  </datafield>
  <datafield tag="909" ind1="C" ind2="0">
    <subfield code="p">LCAV</subfield>
    <subfield code="0">252056</subfield>
    <subfield code="x">U10434</subfield>
  </datafield>
  <datafield tag="909" ind1="C" ind2="O">
    <subfield code="o">oai:infoscience.tind.io:181458</subfield>
    <subfield code="p">IC</subfield>
    <subfield code="q">GLOBAL_SET</subfield>
  </datafield>
  <datafield tag="917" ind1="Z" ind2="8">
    <subfield code="x">160144</subfield>
  </datafield>
  <datafield tag="937" ind1=" " ind2=" ">
    <subfield code="a">EPFL-PATENT-181458</subfield>
  </datafield>
  <datafield tag="973" ind1=" " ind2=" ">
    <subfield code="a">EPFL</subfield>
    <subfield code="s">PUBLISHED</subfield>
  </datafield>
  <datafield tag="980" ind1=" " ind2=" ">
    <subfield code="a">PATENT</subfield>
  </datafield>
</record>