
<record>
  <controlfield tag="001">174018</controlfield>
  <controlfield tag="005">20180913061058.0</controlfield>
  <datafield tag="013" ind1=" " ind2=" ">
    <subfield code="a">US 61/583,665</subfield>
  </datafield>
  <datafield tag="037" ind1=" " ind2=" ">
    <subfield code="a">PATENT</subfield>
  </datafield>
  <datafield tag="245" ind1=" " ind2=" ">
    <subfield code="a">ERLOTINIB DERIVATIVES &amp; USES THEREOF</subfield>
  </datafield>
  <datafield tag="260" ind1=" " ind2=" ">
    <subfield code="c">2012</subfield>
  </datafield>
  <datafield tag="269" ind1=" " ind2=" ">
    <subfield code="a">2012</subfield>
  </datafield>
  <datafield tag="336" ind1=" " ind2=" ">
    <subfield code="a">Patents</subfield>
  </datafield>
  <datafield tag="520" ind1=" " ind2=" ">
    <subfield code="a">The present invention relates to compounds useful in the treatment of cancers, in particular cancers overexpressing the epidermal growth factor receptor (EGFR) such as non-small cell lung or breast cancers.</subfield>
  </datafield>
  <datafield tag="700" ind1=" " ind2=" ">
    <subfield code="a">Städler, Davide</subfield>
    <subfield code="g">207157</subfield>
    <subfield code="0">245098</subfield>
  </datafield>
  <datafield tag="700" ind1=" " ind2=" ">
    <subfield code="a">Passemard, Solène</subfield>
    <subfield code="g">201267</subfield>
    <subfield code="0">244118</subfield>
  </datafield>
  <datafield tag="700" ind1=" " ind2=" ">
    <subfield code="a">Evéquoz, Damien</subfield>
    <subfield code="g">170454</subfield>
    <subfield code="0">(EPFLAUTH)170454</subfield>
  </datafield>
  <datafield tag="700" ind1=" " ind2=" ">
    <subfield code="a">Borcard, Françoise</subfield>
    <subfield code="g">180368</subfield>
    <subfield code="0">242649</subfield>
  </datafield>
  <datafield tag="700" ind1=" " ind2=" ">
    <subfield code="a">Juillerat-Jeanneret, Lucienne</subfield>
    <subfield code="g">150301</subfield>
    <subfield code="0">(EPFLAUTH)150301</subfield>
  </datafield>
  <datafield tag="700" ind1=" " ind2=" ">
    <subfield code="a">Gerber-Lemaire, Sandrine</subfield>
    <subfield code="g">148571</subfield>
    <subfield code="0">241092</subfield>
  </datafield>
  <datafield tag="909" ind1="C" ind2="0">
    <subfield code="p">LSPN</subfield>
    <subfield code="0">252341</subfield>
    <subfield code="x">U12326</subfield>
  </datafield>
  <datafield tag="909" ind1="C" ind2="O">
    <subfield code="o">oai:infoscience.tind.io:174018</subfield>
    <subfield code="p">SB</subfield>
  </datafield>
  <datafield tag="917" ind1="Z" ind2="8">
    <subfield code="x">148571</subfield>
  </datafield>
  <datafield tag="937" ind1=" " ind2=" ">
    <subfield code="a">EPFL-PATENT-174018</subfield>
  </datafield>
  <datafield tag="973" ind1=" " ind2=" ">
    <subfield code="a">EPFL</subfield>
    <subfield code="s">PUBLISHED</subfield>
  </datafield>
  <datafield tag="980" ind1=" " ind2=" ">
    <subfield code="a">PATENT</subfield>
  </datafield>
</record>