
<record>
  <controlfield tag="001">165097</controlfield>
  <controlfield tag="005">20180913060558.0</controlfield>
  <datafield tag="013" ind1=" " ind2=" ">
    <subfield code="a">DE10206020</subfield>
    <subfield code="c">A1</subfield>
    <subfield code="b">DE</subfield>
    <subfield code="d">20030828</subfield>
  </datafield>
  <datafield tag="024" ind1="7" ind2="0">
    <subfield code="a">27634926</subfield>
    <subfield code="2">EPO Family ID</subfield>
  </datafield>
  <datafield tag="037" ind1=" " ind2=" ">
    <subfield code="a">PATENT</subfield>
  </datafield>
  <datafield tag="245" ind1=" " ind2=" ">
    <subfield code="a">Scanning optical near field microscope for use with different contrast methods, including phase contrast microscopy, has an improved photo-detector design that improves resolution and imaging of the smallest structures</subfield>
  </datafield>
  <datafield tag="260" ind1=" " ind2=" ">
    <subfield code="c">2003</subfield>
  </datafield>
  <datafield tag="269" ind1=" " ind2=" ">
    <subfield code="a">2003</subfield>
  </datafield>
  <datafield tag="300" ind1=" " ind2=" ">
    <subfield code="a">11</subfield>
  </datafield>
  <datafield tag="336" ind1=" " ind2=" ">
    <subfield code="a">Patents</subfield>
  </datafield>
  <datafield tag="520" ind1=" " ind2=" ">
    <subfield code="a">Optical near field microscope for use with different, including differential contrast, methods. Microscope has a near field illuminating light source probe (3) and a photo-detector for detection of light from the object (6). Said detector has electronics for processing the detected signals to yield details of object structures. The photo-detector (9) is a structured photo-receiver and outputs photo-receiver signals to the evaluation electronics. The invention also relates to a corresponding method.</subfield>
  </datafield>
  <datafield tag="700" ind1=" " ind2=" ">
    <subfield code="a">Kempe, Michael</subfield>
  </datafield>
  <datafield tag="700" ind1=" " ind2=" ">
    <subfield code="a">Brunner, Robert</subfield>
  </datafield>
  <datafield tag="700" ind1=" " ind2=" ">
    <subfield code="a">Lasser, Theo</subfield>
    <subfield code="g">120900</subfield>
    <subfield code="0">240555</subfield>
  </datafield>
  <datafield tag="909" ind1="C" ind2="0">
    <subfield code="p">LOB</subfield>
    <subfield code="0">252112</subfield>
    <subfield code="x">U10345</subfield>
  </datafield>
  <datafield tag="909" ind1="C" ind2="O">
    <subfield code="o">oai:infoscience.tind.io:165097</subfield>
    <subfield code="p">STI</subfield>
  </datafield>
  <datafield tag="917" ind1="Z" ind2="8">
    <subfield code="x">126001</subfield>
  </datafield>
  <datafield tag="937" ind1=" " ind2=" ">
    <subfield code="a">EPFL-PATENT-165097</subfield>
  </datafield>
  <datafield tag="973" ind1=" " ind2=" ">
    <subfield code="a">EPFL</subfield>
    <subfield code="s">PUBLISHED</subfield>
  </datafield>
  <datafield tag="980" ind1=" " ind2=" ">
    <subfield code="a">PATENT</subfield>
  </datafield>
</record>