
<record>
  <controlfield tag="001">99845</controlfield>
  <controlfield tag="005">20190316233923.0</controlfield>
  <datafield tag="013" ind1=" " ind2=" ">
    <subfield code="a">US5737549</subfield>
    <subfield code="c">A</subfield>
    <subfield code="b">US</subfield>
    <subfield code="d">19980407</subfield>
  </datafield>
  <datafield tag="024" ind1="7" ind2="0">
    <subfield code="a">30117797</subfield>
    <subfield code="2">EPO Family ID</subfield>
  </datafield>
  <datafield tag="024" ind1="7" ind2="0">
    <subfield code="a">22693780</subfield>
    <subfield code="2">EPO Family ID</subfield>
  </datafield>
  <datafield tag="037" ind1=" " ind2=" ">
    <subfield code="a">PATENT</subfield>
  </datafield>
  <datafield tag="245" ind1=" " ind2=" ">
    <subfield code="a">Method and apparatus for a parallel data storage and processing server</subfield>
  </datafield>
  <datafield tag="260" ind1=" " ind2=" ">
    <subfield code="c">1999</subfield>
  </datafield>
  <datafield tag="269" ind1=" " ind2=" ">
    <subfield code="a">1999</subfield>
  </datafield>
  <datafield tag="336" ind1=" " ind2=" ">
    <subfield code="a">Patents</subfield>
  </datafield>
  <datafield tag="520" ind1=" " ind2=" ">
    <subfield code="a">The present invention concerns a parallel multiprocessor-multidisk storage server which offers low delays and high throughputs when accessing and processing one-dimensional and multi-dimensional file data such as pixmap images, text, sound or graphics. The invented parallel multiprocessor-multidisk storage server may be used as a server offering its services to a computer, to client stations residing on a network or to a parallel host system to which it is connected. The parallel storage server comprises (a) a server interface processor interfacing the storage system with a host computer, with a network or with a parallel computing system; (b) an array of disk nodes, each disk node being composed by one processor electrically connected to at least one disk and (c) an interconnection network for connecting the server interface processor with the array of disk nodes. Multi-dimensional data files such as 3-d images (for example tomographic images), respectively 2-d images (for example scanned aerial photographs) are segmented into 3-d, respectively 2-d file extents, extents being striped onto different disks. One-dimensional files are segmented into 1-d file extents. File extents of a given file may have a fixed or a variable size. The storage server is based on a parallel image and multiple media file storage system. This file storage system includes a file server process which receives from the high level storage server process file creation, file opening, file closing and file deleting commands. It further includes extent serving processes running on disk node processors, which receive from the file server process commands to update directory entries and to open existing files and from the storage interface server process commands to read data from a file or to write data into a file. It also includes operation processes responsible for applying in parallel geometric transformations and image processing operations to data read from the disks and a redundancy file creation process responsible for creating redundant parity extent files for selected data files.</subfield>
  </datafield>
  <datafield tag="700" ind1=" " ind2=" ">
    <subfield code="a">Hersch, R.D.</subfield>
    <subfield code="g">105390</subfield>
    <subfield code="0">242314</subfield>
  </datafield>
  <datafield tag="700" ind1=" " ind2=" ">
    <subfield code="a">Krummenacher, B.</subfield>
  </datafield>
  <datafield tag="856" ind1="4" ind2=" ">
    <subfield code="z">URL</subfield>
    <subfield code="u">http://patft.uspto.gov/netacgi/nph-Parser?Sect1=PTO2&amp;Sect2=HITOFF&amp;p=1&amp;u=%2Fnetahtml%2FPTO%2Fsearch-bool.html&amp;r=27&amp;f=G&amp;l=50&amp;co1=AND&amp;d=PTXT&amp;s1=5737549&amp;OS=5737549&amp;RS=5737549</subfield>
  </datafield>
  <datafield tag="909" ind1="C" ind2="0">
    <subfield code="p">LSP</subfield>
    <subfield code="0">252034</subfield>
    <subfield code="x">U10417</subfield>
  </datafield>
  <datafield tag="909" ind1="C" ind2="O">
    <subfield code="o">oai:infoscience.tind.io:99845</subfield>
    <subfield code="p">IC</subfield>
    <subfield code="q">GLOBAL_SET</subfield>
  </datafield>
  <datafield tag="937" ind1=" " ind2=" ">
    <subfield code="a">LSP-PATENT-1999-001</subfield>
  </datafield>
  <datafield tag="970" ind1=" " ind2=" ">
    <subfield code="a">2115/LSP</subfield>
  </datafield>
  <datafield tag="973" ind1=" " ind2=" ">
    <subfield code="a">EPFL</subfield>
    <subfield code="s">PUBLISHED</subfield>
  </datafield>
  <datafield tag="980" ind1=" " ind2=" ">
    <subfield code="a">PATENT</subfield>
  </datafield>
</record>