
<record>
  <controlfield tag="001">84409</controlfield>
  <controlfield tag="005">20180317095243.0</controlfield>
  <datafield tag="013" ind1=" " ind2=" ">
    <subfield code="a">2000-810512 1163952</subfield>
  </datafield>
  <datafield tag="037" ind1=" " ind2=" ">
    <subfield code="a">PATENT</subfield>
  </datafield>
  <datafield tag="245" ind1=" " ind2=" ">
    <subfield code="a">Tube fixed-bed reactor consisting of fiber-bundle for laminar flow</subfield>
  </datafield>
  <datafield tag="260" ind1=" " ind2=" ">
    <subfield code="c">2001</subfield>
    <subfield code="b">(Sulzer Chemtech A.-G., Switz.; Ecole Polytechnique Federale de Lausanne (EPFL)).</subfield>
  </datafield>
  <datafield tag="269" ind1=" " ind2=" ">
    <subfield code="a">2001</subfield>
  </datafield>
  <datafield tag="336" ind1=" " ind2=" ">
    <subfield code="a">Patents</subfield>
  </datafield>
  <datafield tag="500" ind1=" " ind2=" ">
    <subfield code="a">CAN 136:39283</subfield>
  </datafield>
  <datafield tag="500" ind1=" " ind2=" ">
    <subfield code="a">47-3</subfield>
  </datafield>
  <datafield tag="500" ind1=" " ind2=" ">
    <subfield code="a">Apparatus and Plant Equipment</subfield>
  </datafield>
  <datafield tag="500" ind1=" " ind2=" ">
    <subfield code="a">Patent</subfield>
  </datafield>
  <datafield tag="500" ind1=" " ind2=" ">
    <subfield code="a">written in German.</subfield>
  </datafield>
  <datafield tag="500" ind1=" " ind2=" ">
    <subfield code="a">20011219</subfield>
  </datafield>
  <datafield tag="500" ind1=" " ind2=" ">
    <subfield code="a">7782-44-7 (Oxygen) Role: RCT (Reactant), RACT (Reactant or reagent) (dehydrogenation agent; tube fixed-bed reactor consisting of fiber-bundle for laminar flow); 115-07-1P (Propene) Role: IMF (Industrial manufacture), PREP (Preparation) (tube fixed-bed reactor consisting of fiber-bundle for laminar flow); 74-98-6 (Propane) Role: RCT (Reactant), RACT (Reactant or reagent) (tube fixed-bed reactor consisting of fiber-bundle for laminar flow)</subfield>
  </datafield>
  <datafield tag="500" ind1=" " ind2=" ">
    <subfield code="a">Designated States R: AT, BE, CH, DE, DK, ES, FR, GB, GR, IT, LI, LU, NL, SE, MC, PT, IE, SI, LT, LV, FI, RO.</subfield>
  </datafield>
  <datafield tag="500" ind1=" " ind2=" ">
    <subfield code="a">A1</subfield>
  </datafield>
  <datafield tag="520" ind1=" " ind2=" ">
    <subfield code="a">An anisotropic structured fixed-bed divided into 2 reactor parts is a bundle reactor consisting of fiber-bundle. The fiber-bundle ordered in the flow direction are formed from filaments; the diam. of the fiber-bundle is smaller than its length and bigger than its interspace diam. A catalyst is deposited on the fiber-bundle. The reactor is esp. suitable for catalytic dehydrogenation of propane to propene with oxygen. [on SciFinder (R)]</subfield>
  </datafield>
  <datafield tag="653" ind1="1" ind2=" ">
    <subfield code="a">Dehydrogenation (app.; tube fixed-bed reactor consisting of fiber-bundle for laminar flow); Fibers Role: PEP (Physical</subfield>
  </datafield>
  <datafield tag="653" ind1="1" ind2=" ">
    <subfield code="a">engineering or chemical process)</subfield>
  </datafield>
  <datafield tag="653" ind1="1" ind2=" ">
    <subfield code="a">PYP (Physical process)</subfield>
  </datafield>
  <datafield tag="653" ind1="1" ind2=" ">
    <subfield code="a">PROC (Process) (catalyst supports; tube fixed-bed reactor consisting of fib</subfield>
  </datafield>
  <datafield tag="653" ind1="1" ind2=" ">
    <subfield code="a">fixed bed reactor fiber bundle laminar flow; propane dehydrogenation oxygen fiber bundle reactor; propene manuf fiber bundle reactor</subfield>
  </datafield>
  <datafield tag="700" ind1=" " ind2=" ">
    <subfield code="a">Wolfrath, Olivier</subfield>
  </datafield>
  <datafield tag="700" ind1=" " ind2=" ">
    <subfield code="a">Kiwi-Minsker, Lioubov</subfield>
    <subfield code="g">105553</subfield>
    <subfield code="0">240077</subfield>
  </datafield>
  <datafield tag="700" ind1=" " ind2=" ">
    <subfield code="a">Renken, Albert</subfield>
    <subfield code="g">106205</subfield>
    <subfield code="0">240078</subfield>
  </datafield>
  <datafield tag="909" ind1="C" ind2="0">
    <subfield code="p">LGRC</subfield>
    <subfield code="0">252033</subfield>
    <subfield code="x">U10178</subfield>
  </datafield>
  <datafield tag="937" ind1=" " ind2=" ">
    <subfield code="a">LGRC-PATENT-2001-001</subfield>
  </datafield>
  <datafield tag="970" ind1=" " ind2=" ">
    <subfield code="a">246/LGRC</subfield>
  </datafield>
  <datafield tag="973" ind1=" " ind2=" ">
    <subfield code="a">EPFL</subfield>
    <subfield code="s">PUBLISHED</subfield>
  </datafield>
  <datafield tag="980" ind1=" " ind2=" ">
    <subfield code="a">PATENT</subfield>
  </datafield>
</record>