
<record>
  <controlfield tag="001">81370</controlfield>
  <controlfield tag="005">20180317092944.0</controlfield>
  <datafield tag="013" ind1=" " ind2=" ">
    <subfield code="a">2003-EP10859 2004031404</subfield>
  </datafield>
  <datafield tag="037" ind1=" " ind2=" ">
    <subfield code="a">PATENT</subfield>
  </datafield>
  <datafield tag="245" ind1=" " ind2=" ">
    <subfield code="a">O6-alkylguanine-DNA alkyltransferases for efficient labeling of fusion proteins</subfield>
  </datafield>
  <datafield tag="260" ind1=" " ind2=" ">
    <subfield code="c">2004</subfield>
    <subfield code="b">(Ecole Polytechnique Federale de Lausanne (EPFL), Switz.).</subfield>
  </datafield>
  <datafield tag="269" ind1=" " ind2=" ">
    <subfield code="a">2004</subfield>
  </datafield>
  <datafield tag="336" ind1=" " ind2=" ">
    <subfield code="a">Patents</subfield>
  </datafield>
  <datafield tag="520" ind1=" " ind2=" ">
    <subfield code="a">The present invention relates to methods of transferring a label from suitable substrates to O6-alkylguanine-DNA alkyltransferase (AGT) fusion proteins, to suitable fusion proteins, to suitable variants of AGT, and to novel labeled fusion proteins obtained. A protein of interest is incorporated into an AGT fusion protein, the AGT fusion protein is contacted with an AGT substrate carrying a label, and the AGT fusion protein is detected and/or manipulated using the label in a system designed for recognizing and/or handling the label. This allows the detection and/or manipulating of the fusion protein, both in vitro and in vivo, by attaching mols. to the fusion proteins that introduce a new phys. or chem. property to the fusion protein. Examples of such mols. are, among others, spectroscopic probes or radioactively labeled mols., affinity tags, mols. generating reactive or hydroxyl radicals, cross-linkers and lipid. AGT in fusion protein is a human variant wherein Asn157 is replaced by Gly and Ser159 by Glu, and the one wherein Gly160 is replaced by Ala or Trp. AGT in fusion protein is a human variant wherein Asn157 is replaced by Ser, Ser159 by His, and Gly160 by Asn. [on SciFinder (R)]</subfield>
  </datafield>
  <datafield tag="700" ind1=" " ind2=" ">
    <subfield code="a">Juillerat, Alexandre</subfield>
    <subfield code="g">148820</subfield>
    <subfield code="0">241316</subfield>
  </datafield>
  <datafield tag="700" ind1=" " ind2=" ">
    <subfield code="a">Keppler, Antje</subfield>
    <subfield code="g">148319</subfield>
    <subfield code="0">241537</subfield>
  </datafield>
  <datafield tag="700" ind1=" " ind2=" ">
    <subfield code="a">Johnsson, Kai</subfield>
    <subfield code="g">123155</subfield>
    <subfield code="0">240057</subfield>
  </datafield>
  <datafield tag="700" ind1=" " ind2=" ">
    <subfield code="a">Gronemeier, Thomas</subfield>
    <subfield code="g">149141</subfield>
    <subfield code="0">240798</subfield>
  </datafield>
  <datafield tag="700" ind1=" " ind2=" ">
    <subfield code="a">Gendreizig, Susanne</subfield>
    <subfield code="g">148723</subfield>
    <subfield code="0">241539</subfield>
  </datafield>
  <datafield tag="700" ind1=" " ind2=" ">
    <subfield code="a">Brecht, Andreas</subfield>
  </datafield>
  <datafield tag="909" ind1="C" ind2="O">
    <subfield code="o">oai:infoscience.tind.io:81370</subfield>
    <subfield code="p">SB</subfield>
  </datafield>
  <datafield tag="909" ind1="C" ind2="0">
    <subfield code="p">LIP</subfield>
    <subfield code="0">252027</subfield>
    <subfield code="x">U10102</subfield>
  </datafield>
  <datafield tag="937" ind1=" " ind2=" ">
    <subfield code="a">LIP-PATENT-2004-001</subfield>
  </datafield>
  <datafield tag="970" ind1=" " ind2=" ">
    <subfield code="a">61/LIP</subfield>
  </datafield>
  <datafield tag="973" ind1=" " ind2=" ">
    <subfield code="a">EPFL</subfield>
    <subfield code="s">PUBLISHED</subfield>
  </datafield>
  <datafield tag="980" ind1=" " ind2=" ">
    <subfield code="a">PATENT</subfield>
  </datafield>
</record>