
<record>
  <controlfield tag="001">81142</controlfield>
  <controlfield tag="005">20180317094222.0</controlfield>
  <datafield tag="013" ind1=" " ind2=" ">
    <subfield code="a">76-195736 127729</subfield>
  </datafield>
  <datafield tag="037" ind1=" " ind2=" ">
    <subfield code="a">PATENT</subfield>
  </datafield>
  <datafield tag="245" ind1=" " ind2=" ">
    <subfield code="a">High-molecular-weight, water-soluble polyammonium compounds</subfield>
  </datafield>
  <datafield tag="260" ind1=" " ind2=" ">
    <subfield code="c">1977</subfield>
    <subfield code="b">(Akademie der Wissenschaften der DDR, Ger. Dem. Rep.).</subfield>
  </datafield>
  <datafield tag="269" ind1=" " ind2=" ">
    <subfield code="a">1977</subfield>
  </datafield>
  <datafield tag="336" ind1=" " ind2=" ">
    <subfield code="a">Patents</subfield>
  </datafield>
  <datafield tag="520" ind1=" " ind2=" ">
    <subfield code="a">A method is described for copolymg. diallyldimethylammonium chloride (I) with diallyl malonate (II), diallyl fumarate, acrylamide, or a similar monomer to prep. resins which were useful as elec. conducting coatings on paper, as flocculating agents, etc. The copolymn. did not require an inert atm. and gave nontacky resins with good processability. Thus, 50 g 50% I soln. was mixed with 200 ppm EDTA di-Na salt and 200 mg II, heated at 95 Deg, treated with 10 mL water contg. 900 mg (NH4)2S2O8 during 100 min, and heated at 100 Deg for 30 min to prep. a copolymer [65895-81-0] which was suitable for coating on paper. [on SciFinder (R)]</subfield>
  </datafield>
  <datafield tag="700" ind1=" " ind2=" ">
    <subfield code="a">Hahn, Mathias</subfield>
  </datafield>
  <datafield tag="700" ind1=" " ind2=" ">
    <subfield code="a">Jaeger, Werner</subfield>
  </datafield>
  <datafield tag="700" ind1=" " ind2=" ">
    <subfield code="a">Wandrey, Christine</subfield>
    <subfield code="g">112792</subfield>
    <subfield code="0">241193</subfield>
  </datafield>
  <datafield tag="700" ind1=" " ind2=" ">
    <subfield code="a">Ballschuh, Detlef</subfield>
  </datafield>
  <datafield tag="909" ind1="C" ind2="0">
    <subfield code="p">LMRP</subfield>
    <subfield code="0">252196</subfield>
    <subfield code="x">U11032</subfield>
  </datafield>
  <datafield tag="937" ind1=" " ind2=" ">
    <subfield code="a">LMRP-PATENT-1977-002</subfield>
  </datafield>
  <datafield tag="970" ind1=" " ind2=" ">
    <subfield code="a">226/LMRP</subfield>
  </datafield>
  <datafield tag="973" ind1=" " ind2=" ">
    <subfield code="a">EPFL</subfield>
    <subfield code="s">PUBLISHED</subfield>
  </datafield>
  <datafield tag="980" ind1=" " ind2=" ">
    <subfield code="a">PATENT</subfield>
  </datafield>
</record>