
<record>
  <controlfield tag="001">78583</controlfield>
  <controlfield tag="005">20180127014009.0</controlfield>
  <datafield tag="013" ind1=" " ind2=" ">
    <subfield code="a">2004-EP12220 2005054254</subfield>
  </datafield>
  <datafield tag="037" ind1=" " ind2=" ">
    <subfield code="a">PATENT</subfield>
  </datafield>
  <datafield tag="245" ind1=" " ind2=" ">
    <subfield code="a">Method for the production of salts of weakly fluorinated alcoholato complex anions of main group elements</subfield>
  </datafield>
  <datafield tag="260" ind1=" " ind2=" ">
    <subfield code="c">2005</subfield>
    <subfield code="b">(Universitaet Karlsruhe TH, Germany).</subfield>
  </datafield>
  <datafield tag="269" ind1=" " ind2=" ">
    <subfield code="a">2005</subfield>
  </datafield>
  <datafield tag="336" ind1=" " ind2=" ">
    <subfield code="a">Patents</subfield>
  </datafield>
  <datafield tag="520" ind1=" " ind2=" ">
    <subfield code="a">The invention relates to a method for the prodn. of salts of weakly fluorinated alcoholato complex anions according to the following formulas, M[FX(ORF)m]z (1) M[(FRO)mXFX(ORF)m]z (2) and M[(FRO)mXFX(ORF)nFX(ORF)m]z (3) (X = B, Al, Ga, In, P, As, Sb; M = monovalent or divalent cation; n = 2 for m = 3 or n = 4 for m = 5; y = 1-2). For example, Ag[FAl(OC(CF3)3)3] in 98 % yield was prepd. by the reaction of AlMe3 with HOC(CF3)3 in presence of AgBF4 in pentane. [on SciFinder (R)]</subfield>
  </datafield>
  <datafield tag="700" ind1=" " ind2=" ">
    <subfield code="a">Krossing, Ingo</subfield>
    <subfield code="g">166101</subfield>
    <subfield code="0">240933</subfield>
  </datafield>
  <datafield tag="700" ind1=" " ind2=" ">
    <subfield code="a">Gonsior, Marcin</subfield>
  </datafield>
  <datafield tag="700" ind1=" " ind2=" ">
    <subfield code="a">Mueller, Lutz</subfield>
  </datafield>
  <datafield tag="909" ind1="C" ind2="0">
    <subfield code="p">LCIC</subfield>
    <subfield code="0">252182</subfield>
  </datafield>
  <datafield tag="937" ind1=" " ind2=" ">
    <subfield code="a">LCIC-PATENT-2005-001</subfield>
  </datafield>
  <datafield tag="970" ind1=" " ind2=" ">
    <subfield code="a">3/LCIC</subfield>
  </datafield>
  <datafield tag="973" ind1=" " ind2=" ">
    <subfield code="a">EPFL</subfield>
    <subfield code="s">PUBLISHED</subfield>
  </datafield>
  <datafield tag="980" ind1=" " ind2=" ">
    <subfield code="a">PATENT</subfield>
  </datafield>
</record>