
<record>
  <controlfield tag="001">28679</controlfield>
  <controlfield tag="005">20190113091103.0</controlfield>
  <datafield tag="013" ind1=" " ind2=" ">
    <subfield code="a">EP1246052</subfield>
    <subfield code="c">A1</subfield>
    <subfield code="b">EP</subfield>
    <subfield code="d">20021002</subfield>
  </datafield>
  <datafield tag="024" ind1="7" ind2="0">
    <subfield code="a">8180099</subfield>
    <subfield code="2">EPO Family ID</subfield>
  </datafield>
  <datafield tag="037" ind1=" " ind2=" ">
    <subfield code="a">PATENT</subfield>
  </datafield>
  <datafield tag="245" ind1=" " ind2=" ">
    <subfield code="a">Dispositif électronique à affichage électro-optique commandé par des circuits logiques programmables</subfield>
  </datafield>
  <datafield tag="260" ind1=" " ind2=" ">
    <subfield code="c">2001</subfield>
  </datafield>
  <datafield tag="269" ind1=" " ind2=" ">
    <subfield code="a">2001</subfield>
  </datafield>
  <datafield tag="336" ind1=" " ind2=" ">
    <subfield code="a">Patents</subfield>
  </datafield>
  <datafield tag="500" ind1=" " ind2=" ">
    <subfield code="a">EPFL, Europe, application No 01201221.7 Electro-optic flexible touch display controlled by programmable logic circuits, uses several distinct modules connected together to form a display</subfield>
  </datafield>
  <datafield tag="520" ind1=" " ind2=" ">
    <subfield code="a">NOVELTY - The electronic display (2) includes a number of cells (12) whose upper faces form a display surface, each cell has an electro-optic display unit (6) with inputs (14) for data to be displayed. A programmable logic circuit (20) is associated with first electrical connections (24,26;25,27) to the display unit and to the inputs. Second electrical connections (34) area provided for other logic circuits belonging to the neighboring cells. USE - For electronic displays. ADVANTAGE - Designed to for a wide range of applications with freedom to define data input zones, display configuration can be varied to evolve as a function of users requirements. DETAILED DESCRIPTION - The cells are formed from a first assembly of internal cells and a second assembly of external cells defining rows of cells at the edges of the display. The assembly of internal cells have identical display units, with identical inputs or equivalent operation functions with identical logic circuits. The display unit (6) of each internal cell has N sides, N being a whole number greater than 2. The corresponding logic circuit is connected by the second connections to the N respective logic circuits of the N adjacent cells whose display units each have a side facing one of the N sides. The cells are spread over several distinct modules each including at least a cell. The modules are assembled and electrically connected to form the display surface. An INDEPENDENT CLAIM is also included for a display module.</subfield>
  </datafield>
  <datafield tag="700" ind1=" " ind2=" ">
    <subfield code="a">Mange, D.</subfield>
    <subfield code="g">105741</subfield>
    <subfield code="0">241513</subfield>
  </datafield>
  <datafield tag="700" ind1=" " ind2=" ">
    <subfield code="a">Stauffer, A.</subfield>
    <subfield code="g">106474</subfield>
    <subfield code="0">241514</subfield>
  </datafield>
  <datafield tag="700" ind1=" " ind2=" ">
    <subfield code="a">Tempesti, G.</subfield>
    <subfield code="g">103907</subfield>
    <subfield code="0">241511</subfield>
  </datafield>
  <datafield tag="700" ind1=" " ind2=" ">
    <subfield code="a">Teuscher, C.</subfield>
  </datafield>
  <datafield tag="909" ind1="C" ind2="0">
    <subfield code="p">LSL</subfield>
    <subfield code="0">252377</subfield>
  </datafield>
  <datafield tag="909" ind1="C" ind2="0">
    <subfield code="p">CARG</subfield>
    <subfield code="0">252191</subfield>
  </datafield>
  <datafield tag="937" ind1=" " ind2=" ">
    <subfield code="a">LSL-PATENT-2001-001</subfield>
  </datafield>
  <datafield tag="970" ind1=" " ind2=" ">
    <subfield code="a">13474/LSL</subfield>
  </datafield>
  <datafield tag="973" ind1=" " ind2=" ">
    <subfield code="a">EPFL</subfield>
    <subfield code="s">PUBLISHED</subfield>
  </datafield>
  <datafield tag="980" ind1=" " ind2=" ">
    <subfield code="a">PATENT</subfield>
  </datafield>
  <datafield tag="990" ind1=" " ind2=" ">
    <subfield code="z">unexpected date u'29.03.2001'</subfield>
  </datafield>
</record>