
<record>
  <controlfield tag="001">421</controlfield>
  <controlfield tag="005">20180318102519.0</controlfield>
  <datafield tag="013" ind1=" " ind2=" ">
    <subfield code="a">US7020153</subfield>
    <subfield code="c">B2</subfield>
    <subfield code="b">US</subfield>
    <subfield code="d">20060328</subfield>
  </datafield>
  <datafield tag="013" ind1=" " ind2=" ">
    <subfield code="a">US2002136202</subfield>
    <subfield code="c">A1</subfield>
    <subfield code="b">US</subfield>
    <subfield code="d">20020926</subfield>
  </datafield>
  <datafield tag="024" ind1="7" ind2="0">
    <subfield code="a">8169146</subfield>
    <subfield code="2">EPO Family ID</subfield>
  </datafield>
  <datafield tag="037" ind1=" " ind2=" ">
    <subfield code="a">PATENT</subfield>
  </datafield>
  <datafield tag="245" ind1=" " ind2=" ">
    <subfield code="a">Method and System for Processing Data Packets</subfield>
  </datafield>
  <datafield tag="260" ind1=" " ind2=" ">
    <subfield code="c">2000</subfield>
  </datafield>
  <datafield tag="269" ind1=" " ind2=" ">
    <subfield code="a">2000</subfield>
  </datafield>
  <datafield tag="336" ind1=" " ind2=" ">
    <subfield code="a">Patents</subfield>
  </datafield>
  <datafield tag="500" ind1=" " ind2=" ">
    <subfield code="a">European Patent Office Application No: 00114246.2 NOVELTY - A packet processing unit is selected among several packet processing units (PPU 11-PPU M) in response to entry of a data packet at an input port (114) of a router (110). A request is forwarded to the selected packet processing unit for acquiring information about the output port to which the packet is to be forwarded. USE - For processing data packets in switched communication network. ADVANTAGE - Resource utilization is optimized resulting in higher packet processing speed and lower power requirements.</subfield>
  </datafield>
  <datafield tag="520" ind1=" " ind2=" ">
    <subfield code="a">The present invention provides an improved method and a system for processing data packets in a router. The router includes a plurality of input/output ports and more than one packet processing units. The packet processing units derive from a piece of information associated to each data packet one output port to forward the data packet to. In response to a data packet arriving at one input port one packet processing unit is determined. The determined packet processing unit is than requested to derive a respective output port. The output port is derived from a piece of information within the packet. An identification identifying the respective output port is in the following returned to the requesting unit. Finally, the data packet is forwarded to the identified output port. The method and system according to the present invention optimize advantageously resource utilization that leads to higher packet processing speed and helps to lower the costs and power requirements. Furthermore, it leads to increased fault tolerance, i.e. increased reliability.</subfield>
  </datafield>
  <datafield tag="700" ind1=" " ind2=" ">
    <subfield code="a">Droz, P.</subfield>
  </datafield>
  <datafield tag="700" ind1=" " ind2=" ">
    <subfield code="a">Kencl, L.</subfield>
  </datafield>
  <datafield tag="909" ind1="C" ind2="O">
    <subfield code="o">oai:infoscience.tind.io:421</subfield>
    <subfield code="p">IC</subfield>
  </datafield>
  <datafield tag="909" ind1="C" ind2="0">
    <subfield code="p">LCA</subfield>
    <subfield code="0">252614</subfield>
    <subfield code="x">US00024</subfield>
  </datafield>
  <datafield tag="909" ind1="C" ind2="0">
    <subfield code="p">LCA2</subfield>
    <subfield code="0">252453</subfield>
    <subfield code="x">U10427</subfield>
  </datafield>
  <datafield tag="937" ind1=" " ind2=" ">
    <subfield code="a">LCA-PATENT-2000-002</subfield>
  </datafield>
  <datafield tag="970" ind1=" " ind2=" ">
    <subfield code="a">591/LCA</subfield>
  </datafield>
  <datafield tag="973" ind1=" " ind2=" ">
    <subfield code="a">EPFL</subfield>
    <subfield code="s">PUBLISHED</subfield>
  </datafield>
  <datafield tag="980" ind1=" " ind2=" ">
    <subfield code="a">PATENT</subfield>
  </datafield>
</record>