
<record>
  <controlfield tag="001">265922</controlfield>
  <controlfield tag="005">20190606212423.0</controlfield>
  <datafield tag="013" ind1=" " ind2=" ">
    <subfield code="a">WO2019102417</subfield>
    <subfield code="c">A1</subfield>
  </datafield>
  <datafield tag="037" ind1=" " ind2=" ">
    <subfield code="a">PATENT</subfield>
  </datafield>
  <datafield tag="245" ind1=" " ind2=" ">
    <subfield code="a">Spring with a plurality of elements, and actuator including such a spring</subfield>
  </datafield>
  <datafield tag="260" ind1=" " ind2=" ">
    <subfield code="c">2019-05-31</subfield>
  </datafield>
  <datafield tag="269" ind1=" " ind2=" ">
    <subfield code="a">2019-05-31</subfield>
  </datafield>
  <datafield tag="336" ind1=" " ind2=" ">
    <subfield code="a">Patents</subfield>
  </datafield>
  <datafield tag="700" ind1=" " ind2=" ">
    <subfield code="a">Chavanne, J.</subfield>
  </datafield>
  <datafield tag="700" ind1=" " ind2=" ">
    <subfield code="a">Civet, Y.</subfield>
  </datafield>
  <datafield tag="700" ind1=" " ind2=" ">
    <subfield code="a">Perriard, Y.</subfield>
  </datafield>
  <datafield tag="856" ind1="0" ind2=" ">
    <subfield code="f">magdalena.schauenberg@epfl.ch</subfield>
  </datafield>
  <datafield tag="909" ind1="C" ind2="0">
    <subfield code="0">252066</subfield>
    <subfield code="m">yves.perriard@epfl.ch</subfield>
    <subfield code="m">magdalena.schauenberg@epfl.ch</subfield>
    <subfield code="p">LAI</subfield>
    <subfield code="x">U10351</subfield>
    <subfield code="z">Marselli, Béatrice</subfield>
  </datafield>
  <datafield tag="909" ind1="C" ind2="O">
    <subfield code="o">oai:infoscience.epfl.ch:265922</subfield>
    <subfield code="p">STI</subfield>
  </datafield>
  <datafield tag="960" ind1=" " ind2=" ">
    <subfield code="a">magdalena.schauenberg@epfl.ch</subfield>
  </datafield>
  <datafield tag="961" ind1=" " ind2=" ">
    <subfield code="a">fantin.reichler@epfl.ch</subfield>
  </datafield>
  <datafield tag="973" ind1=" " ind2=" ">
    <subfield code="a">EPFL</subfield>
  </datafield>
  <datafield tag="980" ind1=" " ind2=" ">
    <subfield code="a">PATENT</subfield>
  </datafield>
  <datafield tag="981" ind1=" " ind2=" ">
    <subfield code="a">overwrite</subfield>
  </datafield>
</record>