
<record>
  <controlfield tag="001">258011</controlfield>
  <controlfield tag="005">20190108143040.0</controlfield>
  <datafield tag="013" ind1=" " ind2=" ">
    <subfield code="a">LT6540</subfield>
    <subfield code="c">B</subfield>
    <subfield code="d">20180625</subfield>
  </datafield>
  <datafield tag="037" ind1=" " ind2=" ">
    <subfield code="a">PATENT</subfield>
  </datafield>
  <datafield tag="245" ind1=" " ind2=" ">
    <subfield code="a">Hole transporting organic molecules containing enamine groups for optoelectronic and photoelectrochemical devices</subfield>
  </datafield>
  <datafield tag="260" ind1=" " ind2=" ">
    <subfield code="c">2018-08-24</subfield>
  </datafield>
  <datafield tag="269" ind1=" " ind2=" ">
    <subfield code="a">2018-08-24</subfield>
  </datafield>
  <datafield tag="336" ind1=" " ind2=" ">
    <subfield code="a">Patents</subfield>
  </datafield>
  <datafield tag="700" ind1=" " ind2=" ">
    <subfield code="a">Getautis, Vytautas</subfield>
  </datafield>
  <datafield tag="700" ind1=" " ind2=" ">
    <subfield code="a">Daskeviciene, Maryte</subfield>
  </datafield>
  <datafield tag="700" ind1=" " ind2=" ">
    <subfield code="a">Malinauskas, Tadas</subfield>
  </datafield>
  <datafield tag="700" ind1=" " ind2=" ">
    <subfield code="a">Nazeeruddin, Khaja Mohammad</subfield>
  </datafield>
  <datafield tag="700" ind1=" " ind2=" ">
    <subfield code="a">Paek, Sanghyun</subfield>
  </datafield>
  <datafield tag="700" ind1=" " ind2=" ">
    <subfield code="a">Rakstys, Kasparas</subfield>
  </datafield>
  <datafield tag="720" ind1=" " ind2="5">
    <subfield code="a">EPFL and KU</subfield>
    <subfield code="e">"app."</subfield>
  </datafield>
  <datafield tag="856" ind1="0" ind2=" ">
    <subfield code="f">mdkhaja.nazeeruddin@epfl.ch</subfield>
  </datafield>
  <datafield tag="909" ind1="C" ind2="0">
    <subfield code="0">252519</subfield>
    <subfield code="m">mdkhaja.nazeeruddin@epfl.ch</subfield>
    <subfield code="p">GMF</subfield>
    <subfield code="x">U12965</subfield>
    <subfield code="z">Borel, Alain</subfield>
  </datafield>
  <datafield tag="909" ind1="C" ind2="O">
    <subfield code="o">oai:infoscience.epfl.ch:258011</subfield>
    <subfield code="p">SB</subfield>
  </datafield>
  <datafield tag="960" ind1=" " ind2=" ">
    <subfield code="a">mdkhaja.nazeeruddin@epfl.ch</subfield>
  </datafield>
  <datafield tag="961" ind1=" " ind2=" ">
    <subfield code="a">fantin.reichler@epfl.ch</subfield>
  </datafield>
  <datafield tag="973" ind1=" " ind2=" ">
    <subfield code="a">EPFL</subfield>
  </datafield>
  <datafield tag="980" ind1=" " ind2=" ">
    <subfield code="a">PATENT</subfield>
  </datafield>
  <datafield tag="981" ind1=" " ind2=" ">
    <subfield code="a">overwrite</subfield>
  </datafield>
</record>