
<record>
  <controlfield tag="001">231797</controlfield>
  <controlfield tag="005">20190118053639.0</controlfield>
  <datafield tag="013" ind1=" " ind2=" ">
    <subfield code="a">CH920170013</subfield>
    <subfield code="c">U</subfield>
    <subfield code="b">CH</subfield>
  </datafield>
  <datafield tag="037" ind1=" " ind2=" ">
    <subfield code="a">PATENT</subfield>
  </datafield>
  <datafield tag="245" ind1=" " ind2=" ">
    <subfield code="a">DETERMINING POSITIONS OF TRANSDUCERS FOR RECEIVING AND/OR TRANSMITTING WAVE SIGNALS</subfield>
  </datafield>
  <datafield tag="260" ind1=" " ind2=" ">
    <subfield code="c">2017</subfield>
  </datafield>
  <datafield tag="269" ind1=" " ind2=" ">
    <subfield code="a">2017</subfield>
  </datafield>
  <datafield tag="336" ind1=" " ind2=" ">
    <subfield code="a">Patents</subfield>
  </datafield>
  <datafield tag="520" ind1=" " ind2=" ">
    <subfield code="a">The invention is notably directed to a method for determining positions {pi}i=1,..., N of transducers {Ai}i=1,..., N of an apparatus. The transducers are assumed to be configured for receiving wave signals from and/or transmitting wave signals to one or more regions {Rm}m=1,..., M of interest in an n-dimensional space, with n = 2 or 3. The method first comprises determining an n-dimensional spatial filter function , which matches projections {Pm}m=1,..., M of the one or more regions {Rm}m=1,..., M of interest onto an n – 1-dimensional sphere centered on the apparatus. Then, a density function is obtained, based on a Fourier transform of the determined spatial filter function . Finally, a position pi is determined, within said n-dimensional space, for each of N transducers, based on the obtained density function and a prescribed number N of the transducers. The invention is further directed to related devices, apparatuses and systems, as well as computer program products.</subfield>
  </datafield>
  <datafield tag="700" ind1=" " ind2=" ">
    <subfield code="a">Simeoni, Matthieu Martin Jean-Andre</subfield>
    <subfield code="g">216691</subfield>
    <subfield code="0">249453</subfield>
  </datafield>
  <datafield tag="700" ind1=" " ind2=" ">
    <subfield code="a">Hurley, Paul</subfield>
  </datafield>
  <datafield tag="700" ind1=" " ind2=" ">
    <subfield code="a">Gurel, Nezihe Merve</subfield>
  </datafield>
  <datafield tag="909" ind1="C" ind2="0">
    <subfield code="p">IINFCOM</subfield>
    <subfield code="0">252579</subfield>
    <subfield code="x">U13217</subfield>
  </datafield>
  <datafield tag="909" ind1="C" ind2="O">
    <subfield code="o">oai:infoscience.tind.io:231797</subfield>
    <subfield code="p">IC</subfield>
  </datafield>
  <datafield tag="917" ind1="Z" ind2="8">
    <subfield code="x">216691</subfield>
  </datafield>
  <datafield tag="917" ind1="Z" ind2="8">
    <subfield code="x">216691</subfield>
  </datafield>
  <datafield tag="937" ind1=" " ind2=" ">
    <subfield code="a">EPFL-PATENT-231797</subfield>
  </datafield>
  <datafield tag="973" ind1=" " ind2=" ">
    <subfield code="a">OTHER</subfield>
  </datafield>
  <datafield tag="980" ind1=" " ind2=" ">
    <subfield code="a">PATENT</subfield>
  </datafield>
</record>