
<record>
  <controlfield tag="001">231792</controlfield>
  <controlfield tag="005">20180913064530.0</controlfield>
  <datafield tag="013" ind1=" " ind2=" ">
    <subfield code="a">US2017103549</subfield>
    <subfield code="c">A1</subfield>
    <subfield code="b">US</subfield>
    <subfield code="d">20170413</subfield>
  </datafield>
  <datafield tag="024" ind1="7" ind2="0">
    <subfield code="a">58499799</subfield>
    <subfield code="2">EPO Family ID</subfield>
  </datafield>
  <datafield tag="037" ind1=" " ind2=" ">
    <subfield code="a">PATENT</subfield>
  </datafield>
  <datafield tag="245" ind1=" " ind2=" ">
    <subfield code="a">Iterative image subset processing for image reconstruction</subfield>
  </datafield>
  <datafield tag="260" ind1=" " ind2=" ">
    <subfield code="c">2017</subfield>
  </datafield>
  <datafield tag="269" ind1=" " ind2=" ">
    <subfield code="a">2017</subfield>
  </datafield>
  <datafield tag="336" ind1=" " ind2=" ">
    <subfield code="a">Patents</subfield>
  </datafield>
  <datafield tag="520" ind1=" " ind2=" ">
    <subfield code="a">The present invention is notably directed to computer-implemented methods and systems for recovering an image. Present methods comprise: accessing signal data representing signals; identifying subsets of points arranged so as to span a region of interest as current subsets of points; reconstructing an image based on current subsets of points, by combining signal data associated to the current subsets of points; detecting one or more signal features in a last image reconstructed; for each of the detected one or more signal features, modifying one or more subsets of the current subsets, so as to increase, for each of the modified one or more subsets, a relative number of points at a location of said each of the detected one or more signal features. The relative number of points of a given subset at a given location may be defined as the number of points of said given subset at the given location divided by the total number of points of said given subset, whereby new current subsets of points are obtained; and repeating the above steps of reconstructing, detecting and modifying, as necessary to obtain a reconstructed image that satisfies a given condition.</subfield>
  </datafield>
  <datafield tag="700" ind1=" " ind2=" ">
    <subfield code="a">Cherubini, Giovanni</subfield>
  </datafield>
  <datafield tag="700" ind1=" " ind2=" ">
    <subfield code="a">Hurley, Paul</subfield>
  </datafield>
  <datafield tag="700" ind1=" " ind2=" ">
    <subfield code="a">Kazemi, Sanaz</subfield>
  </datafield>
  <datafield tag="700" ind1=" " ind2=" ">
    <subfield code="a">Simeoni, Matthieu Martin Jean-Andre</subfield>
    <subfield code="g">216691</subfield>
    <subfield code="0">249453</subfield>
  </datafield>
  <datafield tag="909" ind1="C" ind2="0">
    <subfield code="p">IINFCOM</subfield>
    <subfield code="0">252579</subfield>
    <subfield code="x">U13217</subfield>
  </datafield>
  <datafield tag="909" ind1="C" ind2="O">
    <subfield code="o">oai:infoscience.tind.io:231792</subfield>
    <subfield code="p">IC</subfield>
  </datafield>
  <datafield tag="917" ind1="Z" ind2="8">
    <subfield code="x">216691</subfield>
  </datafield>
  <datafield tag="917" ind1="Z" ind2="8">
    <subfield code="x">216691</subfield>
  </datafield>
  <datafield tag="937" ind1=" " ind2=" ">
    <subfield code="a">EPFL-PATENT-231792</subfield>
  </datafield>
  <datafield tag="973" ind1=" " ind2=" ">
    <subfield code="a">EPFL</subfield>
  </datafield>
  <datafield tag="980" ind1=" " ind2=" ">
    <subfield code="a">PATENT</subfield>
  </datafield>
</record>