
<record>
  <controlfield tag="001">230152</controlfield>
  <controlfield tag="005">20190507143832.0</controlfield>
  <datafield tag="013" ind1=" " ind2=" ">
    <subfield code="a">WO2017091870</subfield>
    <subfield code="c">A1</subfield>
    <subfield code="b">WO</subfield>
    <subfield code="d">20170608</subfield>
  </datafield>
  <datafield tag="024" ind1="7" ind2="0">
    <subfield code="a">58795975</subfield>
    <subfield code="2">EPO Family ID</subfield>
  </datafield>
  <datafield tag="024" ind1="7" ind2="0">
    <subfield code="a">6.1707</subfield>
    <subfield code="2">TTO</subfield>
  </datafield>
  <datafield tag="037" ind1=" " ind2=" ">
    <subfield code="a">PATENT</subfield>
  </datafield>
  <datafield tag="245" ind1=" " ind2=" ">
    <subfield code="a">A quantum electronic device</subfield>
  </datafield>
  <datafield tag="260" ind1=" " ind2=" ">
    <subfield code="c">2017</subfield>
  </datafield>
  <datafield tag="269" ind1=" " ind2=" ">
    <subfield code="a">2017</subfield>
  </datafield>
  <datafield tag="336" ind1=" " ind2=" ">
    <subfield code="a">Patents</subfield>
  </datafield>
  <datafield tag="520" ind1=" " ind2=" ">
    <subfield code="a">This disclosure relates to quantum electronic devices for storing qubits. In particular, this disclosure relates to a quantum electronic device comprising a carbon nanosphere adapted to store a qubit represented by an electron spin and a control and readout device to set the qubit and read the qubit stored on the carbon nanosphere. Qubits stored on carbon nanospheres have a long electron spin lifetime at room temperature. This disclosure further relates to a method for quantum computing. The method comprises storing a qubit represented by an electron spin on a carbon nanosphere, performing a quantum operation on the qubit to generate a resulting qubit and reading the resulting qubit from the nanosphere. There is further provided a spintronic device comprising multiple carbon nanospheres adapted to provide a qubit represented by an electron spin in that carbon nanosphere and a control device to facilitate interaction between the qubits to perform a quantum operation.</subfield>
  </datafield>
  <datafield tag="700" ind1=" " ind2=" ">
    <subfield code="a">Nafradi, Balint</subfield>
    <subfield code="0">240587</subfield>
    <subfield code="g">167625</subfield>
  </datafield>
  <datafield tag="700" ind1=" " ind2=" ">
    <subfield code="a">Choucair, Mohammad</subfield>
  </datafield>
  <datafield tag="909" ind1="C" ind2="0">
    <subfield code="p">TTO</subfield>
    <subfield code="0">252085</subfield>
    <subfield code="x">U10021</subfield>
  </datafield>
  <datafield tag="937" ind1=" " ind2=" ">
    <subfield code="a">EPFL-PATENT-230152</subfield>
  </datafield>
  <datafield tag="973" ind1=" " ind2=" ">
    <subfield code="a">EPFL</subfield>
  </datafield>
  <datafield tag="980" ind1=" " ind2=" ">
    <subfield code="a">PATENT</subfield>
  </datafield>
</record>