
<record>
  <controlfield tag="001">229119</controlfield>
  <controlfield tag="005">20180317092338.0</controlfield>
  <datafield tag="013" ind1=" " ind2=" ">
    <subfield code="a">AU5858101</subfield>
    <subfield code="c">A</subfield>
    <subfield code="b">AU</subfield>
    <subfield code="d">20011126</subfield>
  </datafield>
  <datafield tag="013" ind1=" " ind2=" ">
    <subfield code="a">WO0187475</subfield>
    <subfield code="c">A1</subfield>
    <subfield code="b">WO</subfield>
    <subfield code="d">20011122</subfield>
  </datafield>
  <datafield tag="024" ind1="7" ind2="0">
    <subfield code="a">9891976</subfield>
    <subfield code="2">EPO Family ID</subfield>
  </datafield>
  <datafield tag="024" ind1="7" ind2="0">
    <subfield code="a">6.0206</subfield>
    <subfield code="2">TTO</subfield>
  </datafield>
  <datafield tag="037" ind1=" " ind2=" ">
    <subfield code="a">PATENT</subfield>
  </datafield>
  <datafield tag="245" ind1=" " ind2=" ">
    <subfield code="a">Materials and methods relating to encapsulation</subfield>
  </datafield>
  <datafield tag="260" ind1=" " ind2=" ">
    <subfield code="c">2001</subfield>
  </datafield>
  <datafield tag="269" ind1=" " ind2=" ">
    <subfield code="a">2001</subfield>
  </datafield>
  <datafield tag="336" ind1=" " ind2=" ">
    <subfield code="a">Patents</subfield>
  </datafield>
  <datafield tag="520" ind1=" " ind2=" ">
    <subfield code="a">Methods are provided for producing microcapsules based on two oppositely charged polymers, in particular to optimise the permeability and mechanical stability of microcapsules. The capsules are formed by introducing liquid droplets from an aqueous solution of a charged (usually anionic) polyelectrolyte (or a blend) into an aqueous solution of a counter-charged (usually cationic) polyelectrolyte (or a blend). The membrane is formed during the reaction time of the opposite-charged polymers. The capsules are optionally subject to an additional coating step.The methods are characterised by one or more of the following: the use of polyvinylamine (PVAm) of low Mw (&lt;20kD); the use of a copolymer of PVAm (optionally of low Mw), especially poly-(vinyl alcohol)-co-vinylamine (PVA/PVAm); subjecting the droplets to a gelation step prior to contact with the counter-charged electrolyte, which comprises PMCG and/or a copolymer of PVAm; and/or simultaneously subjecting the droplets to a gelation step and contacting them with the counter-charged electrolyte, which comprises PVAm and/or a copolymer thereof.Capsules produced or producible according to these methods are also provided.</subfield>
  </datafield>
  <datafield tag="700" ind1=" " ind2=" ">
    <subfield code="a">Grigorescu, Gabriela</subfield>
  </datafield>
  <datafield tag="700" ind1=" " ind2=" ">
    <subfield code="a">Hunkeler, David</subfield>
  </datafield>
  <datafield tag="700" ind1=" " ind2=" ">
    <subfield code="a">Rehor, Annemie</subfield>
  </datafield>
  <datafield tag="909" ind1="C" ind2="0">
    <subfield code="p">TTO</subfield>
    <subfield code="0">252085</subfield>
    <subfield code="x">U10021</subfield>
  </datafield>
  <datafield tag="937" ind1=" " ind2=" ">
    <subfield code="a">EPFL-PATENT-229119</subfield>
  </datafield>
  <datafield tag="973" ind1=" " ind2=" ">
    <subfield code="a">EPFL</subfield>
  </datafield>
  <datafield tag="980" ind1=" " ind2=" ">
    <subfield code="a">PATENT</subfield>
  </datafield>
</record>