
<record>
  <controlfield tag="001">229028</controlfield>
  <controlfield tag="005">20180913064357.0</controlfield>
  <datafield tag="013" ind1=" " ind2=" ">
    <subfield code="a">MY141273</subfield>
    <subfield code="c">A</subfield>
    <subfield code="b">MY</subfield>
    <subfield code="d">20100416</subfield>
  </datafield>
  <datafield tag="024" ind1="7" ind2="0">
    <subfield code="a">44256702</subfield>
    <subfield code="2">EPO Family ID</subfield>
  </datafield>
  <datafield tag="024" ind1="7" ind2="0">
    <subfield code="a">6.0700</subfield>
    <subfield code="2">TTO</subfield>
  </datafield>
  <datafield tag="037" ind1=" " ind2=" ">
    <subfield code="a">PATENT</subfield>
  </datafield>
  <datafield tag="245" ind1=" " ind2=" ">
    <subfield code="a">Authentication of documents and articles by moire patterns</subfield>
  </datafield>
  <datafield tag="260" ind1=" " ind2=" ">
    <subfield code="c">2010</subfield>
  </datafield>
  <datafield tag="269" ind1=" " ind2=" ">
    <subfield code="a">2010</subfield>
  </datafield>
  <datafield tag="336" ind1=" " ind2=" ">
    <subfield code="a">Patents</subfield>
  </datafield>
  <datafield tag="520" ind1=" " ind2=" ">
    <subfield code="a">The present invention relies on the moiré patterns generated when superposing a base layer made of base band patterns and a revealing line grating (revealing layer). The produced moiré patterns comprise an enlargement and a transformation of the individual patterns located within the base bands. Base bands and revealing line gratings may be rectilinear or curvilinear. When translating or rotating the revealing line grating on top of the base layer, the produced moiré patterns evolve smoothly, i.e. They may be smoothly shifted, sheared, and possibly be subject to further transformations. Base band patterns may incorporate any combination of shapes, intensities and colors, such as letter, digits, text, symbols, ornaments, logos, country emblems, etc... They therefore offer great possibilities for creating security documents and valuable articles taking advantage of the higher imaging capabilities of original imaging and printing systems, compared with the possibilities of the reproduction systems available to potential counterfeiters. Since the revealing line grating reflects a relatively high percentage of the incident light, the moiré patterns are easily apparent in reflective mode and under normal illumination conditions. They may be used for the authentication of any kinds of documents (banknotes, identity documents, checks, diploma, travel documents, tickets) and valuable articles (optical disks, cds, dvds, cd-roms, packages for medical drugs, bottles, articles with affixed labels).</subfield>
  </datafield>
  <datafield tag="700" ind1=" " ind2=" ">
    <subfield code="a">Hersch, Roger D</subfield>
  </datafield>
  <datafield tag="700" ind1=" " ind2=" ">
    <subfield code="a">Chosson, Sylvain</subfield>
  </datafield>
  <datafield tag="909" ind1="C" ind2="0">
    <subfield code="p">LSP</subfield>
    <subfield code="0">252034</subfield>
    <subfield code="x">U10417</subfield>
  </datafield>
  <datafield tag="909" ind1="C" ind2="O">
    <subfield code="o">oai:infoscience.tind.io:229028</subfield>
    <subfield code="p">IC</subfield>
  </datafield>
  <datafield tag="937" ind1=" " ind2=" ">
    <subfield code="a">EPFL-PATENT-229028</subfield>
  </datafield>
  <datafield tag="973" ind1=" " ind2=" ">
    <subfield code="a">EPFL</subfield>
  </datafield>
  <datafield tag="980" ind1=" " ind2=" ">
    <subfield code="a">PATENT</subfield>
  </datafield>
</record>