
<record>
  <controlfield tag="001">228414</controlfield>
  <controlfield tag="005">20181221101922.0</controlfield>
  <datafield tag="013" ind1=" " ind2=" ">
    <subfield code="a">WO2014001157</subfield>
    <subfield code="c">A1</subfield>
    <subfield code="b">WO</subfield>
    <subfield code="d">20140103</subfield>
  </datafield>
  <datafield tag="013" ind1=" " ind2=" ">
    <subfield code="a">US8588509</subfield>
    <subfield code="c">B1</subfield>
    <subfield code="b">US</subfield>
    <subfield code="d">20131119</subfield>
  </datafield>
  <datafield tag="024" ind1="7" ind2="0">
    <subfield code="a">48669964</subfield>
    <subfield code="2">EPO Family ID</subfield>
  </datafield>
  <datafield tag="037" ind1=" " ind2=" ">
    <subfield code="a">PATENT</subfield>
  </datafield>
  <datafield tag="245" ind1=" " ind2=" ">
    <subfield code="a">Efficient scanning for em based target localization</subfield>
  </datafield>
  <datafield tag="260" ind1=" " ind2=" ">
    <subfield code="c">2014</subfield>
  </datafield>
  <datafield tag="269" ind1=" " ind2=" ">
    <subfield code="a">2014</subfield>
  </datafield>
  <datafield tag="336" ind1=" " ind2=" ">
    <subfield code="a">Patents</subfield>
  </datafield>
  <datafield tag="520" ind1=" " ind2=" ">
    <subfield code="a">We presented an approach for speeding-up image acquisition when tasked with localizing specific structures in FIB-SEM imagery. It exploits the fact that low-quality images can be acquired faster than higher-quality ones and yet be sufficient for inference purposes. We have demonstrated greater than five-fold speed-ups at very little loss in accuracy in the context of mitochondria and synapse detection. Furthermore, the algorithm we propose is generic and applicable to many imaging modalities that allow trading quality for speed. The disclosed method of data acquisition for an apparatus having a Scanning Electron Microscope (SEM) for microscopic imaging and a Focused Ion Beam (FIB) unit for sample milling comprises the following steps: scanning a sample with the SEM to obtain an image region (I'); analyzing the image region with a classifier function (hi ) that operates on the image region and returns a classification image whose content depends on whether the classifier estimates that a pixel in the image region belongs to a determined target structure or not; searching in the classification image for disjoint regions that indicate potential target locations and adding the regions so found to a list of candidates; iterating the steps of scanning, analyzing and searching on the members of the list of candidates.</subfield>
  </datafield>
  <datafield tag="700" ind1=" " ind2=" ">
    <subfield code="a">Fua, Pascal</subfield>
    <subfield code="g">112366</subfield>
    <subfield code="0">240252</subfield>
  </datafield>
  <datafield tag="700" ind1=" " ind2=" ">
    <subfield code="a">Knott, Graham</subfield>
    <subfield code="g">159872</subfield>
    <subfield code="0">240043</subfield>
  </datafield>
  <datafield tag="700" ind1=" " ind2=" ">
    <subfield code="a">Sznitman, Raphael</subfield>
    <subfield code="g">177109</subfield>
    <subfield code="0">245861</subfield>
  </datafield>
  <datafield tag="700" ind1=" " ind2=" ">
    <subfield code="a">Lucchi, Aurelien</subfield>
  </datafield>
  <datafield tag="909" ind1="C" ind2="0">
    <subfield code="p">CIME</subfield>
    <subfield code="0">252025</subfield>
    <subfield code="x">U10192</subfield>
  </datafield>
  <datafield tag="909" ind1="C" ind2="0">
    <subfield code="p">CVLAB</subfield>
    <subfield code="0">252087</subfield>
    <subfield code="x">U10659</subfield>
  </datafield>
  <datafield tag="909" ind1="C" ind2="O">
    <subfield code="o">oai:infoscience.tind.io:228414</subfield>
    <subfield code="p">SB</subfield>
    <subfield code="p">IC</subfield>
  </datafield>
  <datafield tag="917" ind1="Z" ind2="8">
    <subfield code="x">112366</subfield>
  </datafield>
  <datafield tag="937" ind1=" " ind2=" ">
    <subfield code="a">EPFL-PATENT-228414</subfield>
  </datafield>
  <datafield tag="973" ind1=" " ind2=" ">
    <subfield code="a">EPFL</subfield>
  </datafield>
  <datafield tag="980" ind1=" " ind2=" ">
    <subfield code="a">PATENT</subfield>
  </datafield>
</record>