
<record>
  <controlfield tag="001">228108</controlfield>
  <controlfield tag="005">20181221101922.0</controlfield>
  <datafield tag="013" ind1=" " ind2=" ">
    <subfield code="a">US2016306020</subfield>
    <subfield code="c">A1</subfield>
    <subfield code="b">US</subfield>
    <subfield code="d">20161020</subfield>
  </datafield>
  <datafield tag="013" ind1=" " ind2=" ">
    <subfield code="a">EP3081952</subfield>
    <subfield code="c">A1</subfield>
    <subfield code="b">EP</subfield>
    <subfield code="d">20161019</subfield>
  </datafield>
  <datafield tag="024" ind1="7" ind2="0">
    <subfield code="a">52946434</subfield>
    <subfield code="2">EPO Family ID</subfield>
  </datafield>
  <datafield tag="024" ind1="7" ind2="0">
    <subfield code="a">6.1487</subfield>
    <subfield code="2">TTO</subfield>
  </datafield>
  <datafield tag="037" ind1=" " ind2=" ">
    <subfield code="a">PATENT</subfield>
  </datafield>
  <datafield tag="245" ind1=" " ind2=" ">
    <subfield code="a">Transportable long-lived hyperpolarized samples</subfield>
  </datafield>
  <datafield tag="260" ind1=" " ind2=" ">
    <subfield code="c">2016</subfield>
  </datafield>
  <datafield tag="269" ind1=" " ind2=" ">
    <subfield code="a">2016</subfield>
  </datafield>
  <datafield tag="336" ind1=" " ind2=" ">
    <subfield code="a">Patents</subfield>
  </datafield>
  <datafield tag="520" ind1=" " ind2=" ">
    <subfield code="a">A method for the preparation of a hyperpolarized solution of molecules comprises the steps: 1) suspending or coating of a micro-particulate matrix, which is comprising or consisting of the molecules, with a glass-forming solution or suspension comprising a DNP-suitable polarizing agent at a first temperature at which the micro-particulate matrix is not dissolving; 2) lowering the temperature leading to a frozen glassy DNP sample; 3) transferring the electron spin polarization of the polarizing agent in the glassy sample in a magnetic field to abundant nuclear spins of the glass-forming solution or suspension and/or the polarizing agent as well as to abundant nuclear spins of the molecules and cross-polarization from the abundant nuclear spins in the molecules to one different nuclear spin type in the molecules; and 4) increasing the temperature and dissolving the molecules which are hyperpolarized with respect of the different nuclear spins.</subfield>
  </datafield>
  <datafield tag="700" ind1=" " ind2=" ">
    <subfield code="a">Jannin, Sami Antoine Adrien</subfield>
  </datafield>
  <datafield tag="700" ind1=" " ind2=" ">
    <subfield code="a">Bodenhausen, Geoffrey</subfield>
  </datafield>
  <datafield tag="700" ind1=" " ind2=" ">
    <subfield code="a">Emsley, Lyndon</subfield>
    <subfield code="g">251248</subfield>
    <subfield code="0">248253</subfield>
  </datafield>
  <datafield tag="909" ind1="C" ind2="0">
    <subfield code="p">LRM</subfield>
    <subfield code="0">252518</subfield>
    <subfield code="x">U12975</subfield>
  </datafield>
  <datafield tag="909" ind1="C" ind2="O">
    <subfield code="o">oai:infoscience.tind.io:228108</subfield>
    <subfield code="p">SB</subfield>
  </datafield>
  <datafield tag="937" ind1=" " ind2=" ">
    <subfield code="a">EPFL-PATENT-228108</subfield>
  </datafield>
  <datafield tag="973" ind1=" " ind2=" ">
    <subfield code="a">EPFL</subfield>
  </datafield>
  <datafield tag="980" ind1=" " ind2=" ">
    <subfield code="a">PATENT</subfield>
  </datafield>
</record>