
<record>
  <controlfield tag="001">228098</controlfield>
  <controlfield tag="005">20190507143831.0</controlfield>
  <datafield tag="013" ind1=" " ind2=" ">
    <subfield code="a">US2017284919</subfield>
    <subfield code="c">A1</subfield>
    <subfield code="b">US</subfield>
    <subfield code="d">20171005</subfield>
  </datafield>
  <datafield tag="013" ind1=" " ind2=" ">
    <subfield code="a">EP3189329</subfield>
    <subfield code="c">A1</subfield>
    <subfield code="b">EP</subfield>
    <subfield code="d">20170712</subfield>
  </datafield>
  <datafield tag="013" ind1=" " ind2=" ">
    <subfield code="a">CA2960035</subfield>
    <subfield code="c">A1</subfield>
    <subfield code="b">CA</subfield>
    <subfield code="d">20160310</subfield>
  </datafield>
  <datafield tag="013" ind1=" " ind2=" ">
    <subfield code="a">WO2016034558</subfield>
    <subfield code="c">A1</subfield>
    <subfield code="b">WO</subfield>
    <subfield code="d">20160310</subfield>
  </datafield>
  <datafield tag="013" ind1=" " ind2=" ">
    <subfield code="a">EP2993472</subfield>
    <subfield code="c">A1</subfield>
    <subfield code="b">EP</subfield>
    <subfield code="d">20160309</subfield>
  </datafield>
  <datafield tag="024" ind1="7" ind2="0">
    <subfield code="a">51429203</subfield>
    <subfield code="2">EPO Family ID</subfield>
  </datafield>
  <datafield tag="024" ind1="7" ind2="0">
    <subfield code="a">6.1366</subfield>
    <subfield code="2">TTO</subfield>
  </datafield>
  <datafield tag="037" ind1=" " ind2=" ">
    <subfield code="a">PATENT</subfield>
  </datafield>
  <datafield tag="245" ind1=" " ind2=" ">
    <subfield code="a">Gas sensor</subfield>
  </datafield>
  <datafield tag="260" ind1=" " ind2=" ">
    <subfield code="c">2016</subfield>
  </datafield>
  <datafield tag="269" ind1=" " ind2=" ">
    <subfield code="a">2016</subfield>
  </datafield>
  <datafield tag="336" ind1=" " ind2=" ">
    <subfield code="a">Patents</subfield>
  </datafield>
  <datafield tag="520" ind1=" " ind2=" ">
    <subfield code="a">Gas sensor (2) for measuring properties of a gas (1), including a gas viscosity sensor (4) comprising a gas interface portion (20) in contact with the gas (1) to be measured, and a measuring chamber system (15) comprising a measuring chamber(16), a first resistive passage (18) fluidically connecting the measuring chamber (16) to the gas interface portion (20), a pressure generator (25) configured to generate a change in pressure in the measuring chamber, and a pressure sensor (28) configured to measure a time dependent variation in pressure of gas in the measuring chamber, the time dependent variation of pressure in the measuring chamber due to flow of gas through the resistive passage being correlated to a viscosity of the gas. The gas viscosity sensor further comprises a reference chamber system (21) comprising a reference chamber and a second resistive passage (24) fluidically interconnecting the reference chamber (22) to the gas interface portion (20), the reference chamber (22) being coupled to the pressure sensor (28) of the measuring chamber such that the pressure sensor is configured to measure a differential pressure between a pressure in the measuring chamber and a pressure in the reference chamber.</subfield>
  </datafield>
  <datafield tag="700" ind1=" " ind2=" ">
    <subfield code="a">Slater, Conor</subfield>
    <subfield code="0">242861</subfield>
    <subfield code="g">198208</subfield>
  </datafield>
  <datafield tag="700" ind1=" " ind2=" ">
    <subfield code="a">Farine, Gaël</subfield>
  </datafield>
  <datafield tag="909" ind1="C" ind2="0">
    <subfield code="p">TTO</subfield>
    <subfield code="0">252085</subfield>
    <subfield code="x">U10021</subfield>
  </datafield>
  <datafield tag="909" ind1="C" ind2="0">
    <subfield code="p">IMT</subfield>
    <subfield code="0">252447</subfield>
    <subfield code="x">U10343</subfield>
  </datafield>
  <datafield tag="909" ind1="C" ind2="O">
    <subfield code="o">oai:infoscience.tind.io:228098</subfield>
    <subfield code="p">STI</subfield>
  </datafield>
  <datafield tag="937" ind1=" " ind2=" ">
    <subfield code="a">EPFL-PATENT-228098</subfield>
  </datafield>
  <datafield tag="973" ind1=" " ind2=" ">
    <subfield code="a">EPFL</subfield>
  </datafield>
  <datafield tag="980" ind1=" " ind2=" ">
    <subfield code="a">PATENT</subfield>
  </datafield>
</record>