
<record>
  <controlfield tag="001">211660</controlfield>
  <controlfield tag="005">20180318102414.0</controlfield>
  <datafield tag="013" ind1=" " ind2=" ">
    <subfield code="a">EP2363424</subfield>
    <subfield code="c">B1</subfield>
    <subfield code="b">EP</subfield>
    <subfield code="d">20160810</subfield>
  </datafield>
  <datafield tag="013" ind1=" " ind2=" ">
    <subfield code="a">EP1355965</subfield>
    <subfield code="c">B1</subfield>
    <subfield code="b">EP</subfield>
    <subfield code="d">20120919</subfield>
  </datafield>
  <datafield tag="013" ind1=" " ind2=" ">
    <subfield code="a">EP2363424</subfield>
    <subfield code="c">A1</subfield>
    <subfield code="b">EP</subfield>
    <subfield code="d">20110907</subfield>
  </datafield>
  <datafield tag="013" ind1=" " ind2=" ">
    <subfield code="a">CA2426692</subfield>
    <subfield code="c">C</subfield>
    <subfield code="b">CA</subfield>
    <subfield code="d">20110125</subfield>
  </datafield>
  <datafield tag="013" ind1=" " ind2=" ">
    <subfield code="a">EP1355965</subfield>
    <subfield code="c">A4</subfield>
    <subfield code="b">EP</subfield>
    <subfield code="d">20070509</subfield>
  </datafield>
  <datafield tag="013" ind1=" " ind2=" ">
    <subfield code="a">US7132475</subfield>
    <subfield code="c">B2</subfield>
    <subfield code="b">US</subfield>
    <subfield code="d">20061107</subfield>
  </datafield>
  <datafield tag="013" ind1=" " ind2=" ">
    <subfield code="a">MXPA03003390</subfield>
    <subfield code="c">A</subfield>
    <subfield code="b">MX</subfield>
    <subfield code="d">20050630</subfield>
  </datafield>
  <datafield tag="013" ind1=" " ind2=" ">
    <subfield code="a">EP1355965</subfield>
    <subfield code="c">A2</subfield>
    <subfield code="b">EP</subfield>
    <subfield code="d">20031029</subfield>
  </datafield>
  <datafield tag="013" ind1=" " ind2=" ">
    <subfield code="a">US2003059906</subfield>
    <subfield code="c">A1</subfield>
    <subfield code="b">US</subfield>
    <subfield code="d">20030327</subfield>
  </datafield>
  <datafield tag="013" ind1=" " ind2=" ">
    <subfield code="a">WO02055185</subfield>
    <subfield code="c">A3</subfield>
    <subfield code="b">WO</subfield>
    <subfield code="d">20030116</subfield>
  </datafield>
  <datafield tag="013" ind1=" " ind2=" ">
    <subfield code="a">CA2426692</subfield>
    <subfield code="c">A1</subfield>
    <subfield code="b">CA</subfield>
    <subfield code="d">20020718</subfield>
  </datafield>
  <datafield tag="013" ind1=" " ind2=" ">
    <subfield code="a">WO02055185</subfield>
    <subfield code="c">A2</subfield>
    <subfield code="b">WO</subfield>
    <subfield code="d">20020718</subfield>
  </datafield>
  <datafield tag="024" ind1="7" ind2="0">
    <subfield code="a">6.0536</subfield>
    <subfield code="2">TTO</subfield>
  </datafield>
  <datafield tag="024" ind1="7" ind2="0">
    <subfield code="a">22911192</subfield>
    <subfield code="2">EPO Family ID</subfield>
  </datafield>
  <datafield tag="037" ind1=" " ind2=" ">
    <subfield code="a">PATENT</subfield>
  </datafield>
  <datafield tag="245" ind1=" " ind2=" ">
    <subfield code="a">Methode pour la preparation des copolymeres blocs pour systemes auto-assembles multifonctionnels</subfield>
  </datafield>
  <datafield tag="260" ind1=" " ind2=" ">
    <subfield code="c">2012</subfield>
  </datafield>
  <datafield tag="269" ind1=" " ind2=" ">
    <subfield code="a">2012</subfield>
  </datafield>
  <datafield tag="336" ind1=" " ind2=" ">
    <subfield code="a">Patents</subfield>
  </datafield>
  <datafield tag="700" ind1=" " ind2=" ">
    <subfield code="a">Hubbell, Jeffrey</subfield>
    <subfield code="g">141360</subfield>
    <subfield code="0">240350</subfield>
  </datafield>
  <datafield tag="700" ind1=" " ind2=" ">
    <subfield code="a">Napoli, Alessandro</subfield>
  </datafield>
  <datafield tag="700" ind1=" " ind2=" ">
    <subfield code="a">Tirelli, Nicola</subfield>
  </datafield>
  <datafield tag="909" ind1="C" ind2="0">
    <subfield code="p">LMRP</subfield>
    <subfield code="0">252196</subfield>
    <subfield code="x">U11032</subfield>
  </datafield>
  <datafield tag="909" ind1="C" ind2="0">
    <subfield code="p">TTO</subfield>
    <subfield code="0">252085</subfield>
    <subfield code="x">U10021</subfield>
  </datafield>
  <datafield tag="937" ind1=" " ind2=" ">
    <subfield code="a">EPFL-PATENT-211660</subfield>
  </datafield>
  <datafield tag="973" ind1=" " ind2=" ">
    <subfield code="a">EPFL</subfield>
  </datafield>
  <datafield tag="980" ind1=" " ind2=" ">
    <subfield code="a">PATENT</subfield>
  </datafield>
</record>