
<record>
  <controlfield tag="001">211624</controlfield>
  <controlfield tag="005">20180913063321.0</controlfield>
  <datafield tag="013" ind1=" " ind2=" ">
    <subfield code="a">US8362604</subfield>
    <subfield code="c">B2</subfield>
    <subfield code="b">US</subfield>
    <subfield code="d">20130129</subfield>
  </datafield>
  <datafield tag="013" ind1=" " ind2=" ">
    <subfield code="a">US2010140589</subfield>
    <subfield code="c">A1</subfield>
    <subfield code="b">US</subfield>
    <subfield code="d">20100610</subfield>
  </datafield>
  <datafield tag="024" ind1="7" ind2="0">
    <subfield code="a">6.0867</subfield>
    <subfield code="2">TTO</subfield>
  </datafield>
  <datafield tag="024" ind1="7" ind2="0">
    <subfield code="a">42230049</subfield>
    <subfield code="2">EPO Family ID</subfield>
  </datafield>
  <datafield tag="037" ind1=" " ind2=" ">
    <subfield code="a">PATENT</subfield>
  </datafield>
  <datafield tag="245" ind1=" " ind2=" ">
    <subfield code="a">Ferroelectric tunnel fet switch and memory</subfield>
  </datafield>
  <datafield tag="260" ind1=" " ind2=" ">
    <subfield code="c">2013</subfield>
  </datafield>
  <datafield tag="269" ind1=" " ind2=" ">
    <subfield code="a">2013</subfield>
  </datafield>
  <datafield tag="336" ind1=" " ind2=" ">
    <subfield code="a">Patents</subfield>
  </datafield>
  <datafield tag="520" ind1=" " ind2=" ">
    <subfield code="a">A Ferroelectric tunnel FET switch as ultra-steep (abrupt) switch with subthreshold swing better than the MOSFET limit of 60 mV/decade at room temperature combining two key principles: ferroelectric gate stack and band-to-band tunneling in gated p-i-n junction, wherein the ferroelectric material included in the gate stack creates, due to dipole polarization with increasing gate voltage, a positive feedback in the capacitive coupling that controls the band-to-band (BTB) tunneling at the source junction of a silicon p-i-n reversed bias structure, wherein the combined effect of BTB tunneling and ferroelectric negative capacitance offers more abrupt off-on and on-off transitions in the present proposed Ferroelectric tunnel FET than for any reported tunnel FET or any reported ferroelectric FET.</subfield>
  </datafield>
  <datafield tag="700" ind1=" " ind2=" ">
    <subfield code="a">Ionescu, Mihai Adrian</subfield>
    <subfield code="g">122431</subfield>
    <subfield code="0">241430</subfield>
  </datafield>
  <datafield tag="909" ind1="C" ind2="0">
    <subfield code="p">NANOLAB</subfield>
    <subfield code="0">252177</subfield>
    <subfield code="x">U10328</subfield>
  </datafield>
  <datafield tag="909" ind1="C" ind2="0">
    <subfield code="p">TTO</subfield>
    <subfield code="0">252085</subfield>
    <subfield code="x">U10021</subfield>
  </datafield>
  <datafield tag="909" ind1="C" ind2="O">
    <subfield code="o">oai:infoscience.tind.io:211624</subfield>
    <subfield code="p">STI</subfield>
  </datafield>
  <datafield tag="917" ind1="Z" ind2="8">
    <subfield code="x">198278</subfield>
  </datafield>
  <datafield tag="937" ind1=" " ind2=" ">
    <subfield code="a">EPFL-PATENT-211624</subfield>
  </datafield>
  <datafield tag="973" ind1=" " ind2=" ">
    <subfield code="a">EPFL</subfield>
  </datafield>
  <datafield tag="980" ind1=" " ind2=" ">
    <subfield code="a">PATENT</subfield>
  </datafield>
</record>