
<record>
  <controlfield tag="001">166413</controlfield>
  <controlfield tag="005">20181114182224.0</controlfield>
  <datafield tag="037" ind1=" " ind2=" ">
    <subfield code="a">PATENT</subfield>
  </datafield>
  <datafield tag="245" ind1=" " ind2=" ">
    <subfield code="a">Hydraulic binder for forming non-efflorescing cementitious bodies, e.g. roofing tiles, comprises sources of calcium aluminate, calcium silicate, sulfate, and reactive silica</subfield>
  </datafield>
  <datafield tag="260" ind1=" " ind2=" ">
    <subfield code="c">2001</subfield>
    <subfield code="b">Lafarge Braas Tech Cent; Lafarge Sa</subfield>
  </datafield>
  <datafield tag="269" ind1=" " ind2=" ">
    <subfield code="a">2001</subfield>
  </datafield>
  <datafield tag="336" ind1=" " ind2=" ">
    <subfield code="a">Patents</subfield>
  </datafield>
  <datafield tag="500" ind1=" " ind2=" ">
    <subfield code="a">Times Cited: 0</subfield>
  </datafield>
  <datafield tag="520" ind1=" " ind2=" ">
    <subfield code="a">NOVELTY - A hydraulic binder comprises a source of calcium aluminate, calcium silicate, sulfate, and a source of reactive silica. The ingredients are present in such relative proportions that, upon hydration, both monosulfate and hydrated alumina are formed. USE - The binder is used for forming non-efflorescing cementitious bodies, e.g. roofing tiles, plates, cladding, and walls (claimed). ADVANTAGE - The hydraulic binder reduces or eliminates efflorescence while maintaining the physical properties of cementitious bodies at satisfactory levels. DETAILED DESCRIPTION - An INDEPENDENT CLAIM is also included for a method of forming a non-efflorescing cementitious body, comprising curing the hydraulic binder.</subfield>
  </datafield>
  <datafield tag="700" ind1=" " ind2=" ">
    <subfield code="a">Constantinou, A. G.</subfield>
  </datafield>
  <datafield tag="700" ind1=" " ind2=" ">
    <subfield code="a">Dow, C.</subfield>
  </datafield>
  <datafield tag="700" ind1=" " ind2=" ">
    <subfield code="a">Fentiman, C. H. R. H.</subfield>
  </datafield>
  <datafield tag="700" ind1=" " ind2=" ">
    <subfield code="a">Graylands, M. R. H.</subfield>
  </datafield>
  <datafield tag="700" ind1=" " ind2=" ">
    <subfield code="a">Scrivener, K. L.</subfield>
    <subfield code="g">138857</subfield>
    <subfield code="0">244030</subfield>
  </datafield>
  <datafield tag="856" ind1="4" ind2=" ">
    <subfield code="z">URL</subfield>
    <subfield code="u">&lt;Go to ISI>://DIIDW:2001658166</subfield>
  </datafield>
  <datafield tag="909" ind1="C" ind2="0">
    <subfield code="p">LMC</subfield>
    <subfield code="0">252300</subfield>
    <subfield code="x">U10341</subfield>
  </datafield>
  <datafield tag="909" ind1="C" ind2="O">
    <subfield code="o">oai:infoscience.tind.io:166413</subfield>
    <subfield code="p">GLOBAL_SET</subfield>
    <subfield code="p">STI</subfield>
  </datafield>
  <datafield tag="937" ind1=" " ind2=" ">
    <subfield code="a">EPFL-PATENT-166413</subfield>
  </datafield>
  <datafield tag="973" ind1=" " ind2=" ">
    <subfield code="a">EPFL</subfield>
    <subfield code="s">PUBLISHED</subfield>
    <subfield code="r">REVIEWED</subfield>
  </datafield>
  <datafield tag="980" ind1=" " ind2=" ">
    <subfield code="a">PATENT</subfield>
  </datafield>
</record>