
<record>
  <controlfield tag="001">165093</controlfield>
  <controlfield tag="005">20180913060558.0</controlfield>
  <datafield tag="013" ind1=" " ind2=" ">
    <subfield code="a">US2009128824</subfield>
    <subfield code="c">A1</subfield>
    <subfield code="b">US</subfield>
    <subfield code="d">20090521</subfield>
  </datafield>
  <datafield tag="013" ind1=" " ind2=" ">
    <subfield code="a">WO2007085992</subfield>
    <subfield code="c">A1</subfield>
    <subfield code="b">WO</subfield>
    <subfield code="d">20070802</subfield>
  </datafield>
  <datafield tag="024" ind1="7" ind2="0">
    <subfield code="a">38015942</subfield>
    <subfield code="2">EPO Family ID</subfield>
  </datafield>
  <datafield tag="024" ind1="7" ind2="0">
    <subfield code="a">6.0646</subfield>
    <subfield code="2">TTO</subfield>
  </datafield>
  <datafield tag="037" ind1=" " ind2=" ">
    <subfield code="a">PATENT</subfield>
  </datafield>
  <datafield tag="245" ind1=" " ind2=" ">
    <subfield code="a">Optical imaging apparatus for sample imaging method e.g. in-vivo measurement of full three-dimensional tissue volume has at least one detector that detects resulting spectral interference pattern at exit of interferometer</subfield>
  </datafield>
  <datafield tag="260" ind1=" " ind2=" ">
    <subfield code="c">2007</subfield>
  </datafield>
  <datafield tag="269" ind1=" " ind2=" ">
    <subfield code="a">2007</subfield>
  </datafield>
  <datafield tag="300" ind1=" " ind2=" ">
    <subfield code="a">21</subfield>
  </datafield>
  <datafield tag="336" ind1=" " ind2=" ">
    <subfield code="a">Patents</subfield>
  </datafield>
  <datafield tag="520" ind1=" " ind2=" ">
    <subfield code="a">The invention concerns an optical imaging apparatus comprising (o) a light source (1) , (p) sample holding means, (q) an interferometer, (r) reference means, (s) an objective (8) which is adapted to have its sample side focal plane crossing a sample held in said sample holding means, (t) optical or electro-optical means (2, 3, 5, 16) adapted to produce a ring shaped or multi-spot light source in the front focal plane (17) or any conjugated plane (17') of said objective (8) , at least one detector. The invention also includes a method for using said apparatus where the sample is illuminated by an interference pattern and the depth information is obtained by using optical Coherence Tomography.</subfield>
  </datafield>
  <datafield tag="653" ind1="1" ind2=" ">
    <subfield code="a">Optical imaging system</subfield>
  </datafield>
  <datafield tag="700" ind1=" " ind2=" ">
    <subfield code="a">Leitgeb, Rainer</subfield>
  </datafield>
  <datafield tag="700" ind1=" " ind2=" ">
    <subfield code="a">Lasser, Theo</subfield>
    <subfield code="g">120900</subfield>
    <subfield code="0">240555</subfield>
  </datafield>
  <datafield tag="700" ind1=" " ind2=" ">
    <subfield code="a">Bachmann, Adrian</subfield>
    <subfield code="g">113390</subfield>
    <subfield code="0">241492</subfield>
  </datafield>
  <datafield tag="700" ind1=" " ind2=" ">
    <subfield code="a">Steinmann, Lukas</subfield>
    <subfield code="g">137376</subfield>
    <subfield code="0">240834</subfield>
  </datafield>
  <datafield tag="700" ind1=" " ind2=" ">
    <subfield code="a">Villiger, Martin</subfield>
    <subfield code="g">146173</subfield>
    <subfield code="0">240833</subfield>
  </datafield>
  <datafield tag="909" ind1="C" ind2="0">
    <subfield code="p">LOB</subfield>
    <subfield code="0">252112</subfield>
    <subfield code="x">U10345</subfield>
  </datafield>
  <datafield tag="909" ind1="C" ind2="0">
    <subfield code="p">TTO</subfield>
    <subfield code="0">252085</subfield>
    <subfield code="x">U10021</subfield>
  </datafield>
  <datafield tag="909" ind1="C" ind2="O">
    <subfield code="o">oai:infoscience.tind.io:165093</subfield>
    <subfield code="p">STI</subfield>
  </datafield>
  <datafield tag="917" ind1="Z" ind2="8">
    <subfield code="x">160907</subfield>
  </datafield>
  <datafield tag="937" ind1=" " ind2=" ">
    <subfield code="a">EPFL-PATENT-165093</subfield>
  </datafield>
  <datafield tag="973" ind1=" " ind2=" ">
    <subfield code="a">EPFL</subfield>
    <subfield code="s">PUBLISHED</subfield>
  </datafield>
  <datafield tag="980" ind1=" " ind2=" ">
    <subfield code="a">PATENT</subfield>
  </datafield>
</record>