
<record>
  <controlfield tag="001">129286</controlfield>
  <controlfield tag="005">20180913054930.0</controlfield>
  <datafield tag="013" ind1=" " ind2=" ">
    <subfield code="a">US7527954</subfield>
    <subfield code="c">B2</subfield>
    <subfield code="b">US</subfield>
    <subfield code="d">20090505</subfield>
  </datafield>
  <datafield tag="013" ind1=" " ind2=" ">
    <subfield code="a">ES2300808</subfield>
    <subfield code="c">T3</subfield>
    <subfield code="b">ES</subfield>
    <subfield code="d">20080616</subfield>
  </datafield>
  <datafield tag="013" ind1=" " ind2=" ">
    <subfield code="a">AT386113</subfield>
    <subfield code="c">T</subfield>
    <subfield code="b">AT</subfield>
    <subfield code="d">20080315</subfield>
  </datafield>
  <datafield tag="013" ind1=" " ind2=" ">
    <subfield code="a">EP1668126</subfield>
    <subfield code="c">B1</subfield>
    <subfield code="b">EP</subfield>
    <subfield code="d">20080213</subfield>
  </datafield>
  <datafield tag="013" ind1=" " ind2=" ">
    <subfield code="a">US2007105117</subfield>
    <subfield code="c">A1</subfield>
    <subfield code="b">US</subfield>
    <subfield code="d">20070510</subfield>
  </datafield>
  <datafield tag="013" ind1=" " ind2=" ">
    <subfield code="a">EP1668126</subfield>
    <subfield code="c">A1</subfield>
    <subfield code="b">EP</subfield>
    <subfield code="d">20060614</subfield>
  </datafield>
  <datafield tag="013" ind1=" " ind2=" ">
    <subfield code="a">WO2005030957</subfield>
    <subfield code="c">A1</subfield>
    <subfield code="b">WO</subfield>
    <subfield code="d">20050407</subfield>
  </datafield>
  <datafield tag="024" ind1="7" ind2="0">
    <subfield code="a">34383955</subfield>
    <subfield code="2">EPO Family ID</subfield>
  </datafield>
  <datafield tag="037" ind1=" " ind2=" ">
    <subfield code="a">PATENT</subfield>
  </datafield>
  <datafield tag="245" ind1=" " ind2=" ">
    <subfield code="a">Use of microcompartmentation of transcription/translation complexes in emulsions in the selection of proteins with novel properties</subfield>
  </datafield>
  <datafield tag="260" ind1=" " ind2=" ">
    <subfield code="a">Application: WO WO</subfield>
    <subfield code="c">2005</subfield>
    <subfield code="b">(ETH Zuerich, Switz.).</subfield>
  </datafield>
  <datafield tag="269" ind1=" " ind2=" ">
    <subfield code="a">2005</subfield>
  </datafield>
  <datafield tag="336" ind1=" " ind2=" ">
    <subfield code="a">Patents</subfield>
  </datafield>
  <datafield tag="500" ind1=" " ind2=" ">
    <subfield code="a">CAN 142:330803</subfield>
  </datafield>
  <datafield tag="500" ind1=" " ind2=" ">
    <subfield code="a">3-1</subfield>
  </datafield>
  <datafield tag="500" ind1=" " ind2=" ">
    <subfield code="a">Biochemical Genetics</subfield>
  </datafield>
  <datafield tag="500" ind1=" " ind2=" ">
    <subfield code="a">Patent</subfield>
  </datafield>
  <datafield tag="500" ind1=" " ind2=" ">
    <subfield code="a">written in German.</subfield>
  </datafield>
  <datafield tag="500" ind1=" " ind2=" ">
    <subfield code="a">20050407</subfield>
  </datafield>
  <datafield tag="500" ind1=" " ind2=" ">
    <subfield code="a">848779-26-0 Role: BUU (Biological use, unclassified), PRP (Properties), BIOL (Biological study), USES (Uses) (as suicide substrate for restriction methyltransferase; use of microcompartmentation of transcription/translation complexes in emulsions in selection of proteins with novel properties); 10356-76-0D (5-Fluorodeoxycytidine) Role: BUU (Biological use, unclassified), BIOL (Biological study), USES (Uses) (as suicide substrate; use of microcompartmentation of transcription/translation complexes in emulsions in selection of proteins with novel properties); 84177-56-0DP; 85537-81-1DP (DNA methyltransferase MspI); 91448-96-3DP (HhaI methyltransferase); 92228-38-1DP (DNA methyltransferase AluI); 92228-40-5DP (HaeIII methyltransferase); 149719-23-3DP Role: BPN (Biosynthetic preparation), BUU (Biological use, unclassified), BIOL (Biological study), PREP (Preparation), USES (Uses) (use of microcompartmentation of transcription/translation complexes in emulsions in selection of proteins with novel properties); 1338-43-8 (Span 80); 9005-65-6 (Tween 80) Role: BUU (Biological use, unclassified), BIOL (Biological study), USES (Uses) (water-in-oil emulsions contg.; use of microcompartmentation of transcription/translation complexes in emulsions in selection of proteins with novel properties)</subfield>
  </datafield>
  <datafield tag="500" ind1=" " ind2=" ">
    <subfield code="a">A1</subfield>
  </datafield>
  <datafield tag="500" ind1=" " ind2=" ">
    <subfield code="a">CH</subfield>
  </datafield>
  <datafield tag="500" ind1=" " ind2=" ">
    <subfield code="a">2003-1671</subfield>
  </datafield>
  <datafield tag="500" ind1=" " ind2=" ">
    <subfield code="a">20031001</subfield>
  </datafield>
  <datafield tag="520" ind1=" " ind2=" ">
    <subfield code="a">An in vitro method of assocg. proteins with the nucleic acid encoding them in the selection of novel variants is described. This method can be used for evolutionary selection of polypeptides in vitro. The inventive method makes it possible to allocate nucleic acids to the polypeptides coded thereby and to select and isolate nucleic acids coding for polypeptides with selected properties. The method involves manuf. of the protein of interest in vitro in a coupled transcription-translation system. The protein is manufd. as a fusion protein with a nucleic acid-binding protein that will bind to the nucleic acid upon appearance of the translation product. The transcription-translation systems are compartmented by incorporating them into a water-in-oil emulsion. The nucleic acid-binding protein is preferably a (cytosine-5)-Me transferase. This binds to DNA, and by use of a suicide inhibitor base analog, such as 5-fluorocytosine, incorporated into the DNA, a covalent complex can be formed. Sites contg. the label lie outside the gene for the fusion protein. The complexes can then be captured, e.g. using an affinity label, and screened for the desired property and the gene recovered for further processing. The use of the method to manuf. fusion proteins of HaeIII methylase labeled with hexahistidine and FLAG peptides is demonstrated. Use of calmodulin as an affinity label is also demonstrated. [on SciFinder (R)]</subfield>
  </datafield>
  <datafield tag="653" ind1="1" ind2=" ">
    <subfield code="a">Nucleic acid amplification (DNA</subfield>
  </datafield>
  <datafield tag="653" ind1="1" ind2=" ">
    <subfield code="a">of captured DNA</subfield>
  </datafield>
  <datafield tag="653" ind1="1" ind2=" ">
    <subfield code="a">use of microcompartmentation of transcription/translation complexes in emulsions in selection of proteins with novel properties)</subfield>
  </datafield>
  <datafield tag="653" ind1="1" ind2=" ">
    <subfield code="a">mRNA</subfield>
  </datafield>
  <datafield tag="653" ind1="1" ind2=" ">
    <subfield code="a">rRNA Role: BSU (Biological study</subfield>
  </datafield>
  <datafield tag="653" ind1="1" ind2=" ">
    <subfield code="a">unclassified)</subfield>
  </datafield>
  <datafield tag="653" ind1="1" ind2=" ">
    <subfield code="a">BIOL (Biological study) (capture and amplification of</subfield>
  </datafield>
  <datafield tag="653" ind1="1" ind2=" ">
    <subfield code="a">use of microcompartmentation of transcription/translation complexes in emulsions in selection of proteins with novel properties)</subfield>
  </datafield>
  <datafield tag="653" ind1="1" ind2=" ">
    <subfield code="a">Translation (cell-free</subfield>
  </datafield>
  <datafield tag="653" ind1="1" ind2=" ">
    <subfield code="a">coupled with transcription</subfield>
  </datafield>
  <datafield tag="653" ind1="1" ind2=" ">
    <subfield code="a">use of microcompartmentation of transcription/translation complexes in emulsions in selection of proteins with novel properties)</subfield>
  </datafield>
  <datafield tag="653" ind1="1" ind2=" ">
    <subfield code="a">Transcription (cell-free</subfield>
  </datafield>
  <datafield tag="653" ind1="1" ind2=" ">
    <subfield code="a">coupled with translation</subfield>
  </datafield>
  <datafield tag="653" ind1="1" ind2=" ">
    <subfield code="a">use of microcompartmentation of transcription/translation complexes in emulsions in selection of proteins with novel properties)</subfield>
  </datafield>
  <datafield tag="653" ind1="1" ind2=" ">
    <subfield code="a">DNA Role: BUU (Biological use</subfield>
  </datafield>
  <datafield tag="653" ind1="1" ind2=" ">
    <subfield code="a">unclassified)</subfield>
  </datafield>
  <datafield tag="653" ind1="1" ind2=" ">
    <subfield code="a">BIOL (Biological study)</subfield>
  </datafield>
  <datafield tag="653" ind1="1" ind2=" ">
    <subfield code="a">USES (Uses) (conjugates</subfield>
  </datafield>
  <datafield tag="653" ind1="1" ind2=" ">
    <subfield code="a">with DNA-binding protein fusion products</subfield>
  </datafield>
  <datafield tag="653" ind1="1" ind2=" ">
    <subfield code="a">capture and amplification of</subfield>
  </datafield>
  <datafield tag="653" ind1="1" ind2=" ">
    <subfield code="a">use of microcompartmentation of transcription/translation complexes in emulsions in selection of proteins with novel properties)</subfield>
  </datafield>
  <datafield tag="653" ind1="1" ind2=" ">
    <subfield code="a">Chimeric gene Role: BUU (Biological use</subfield>
  </datafield>
  <datafield tag="653" ind1="1" ind2=" ">
    <subfield code="a">unclassified)</subfield>
  </datafield>
  <datafield tag="653" ind1="1" ind2=" ">
    <subfield code="a">BIOL (Biological study)</subfield>
  </datafield>
  <datafield tag="653" ind1="1" ind2=" ">
    <subfield code="a">USES (Uses) (for DNA-binding protein fusion products</subfield>
  </datafield>
  <datafield tag="653" ind1="1" ind2=" ">
    <subfield code="a">expression</subfield>
  </datafield>
  <datafield tag="653" ind1="1" ind2=" ">
    <subfield code="a">capture and amplification of</subfield>
  </datafield>
  <datafield tag="653" ind1="1" ind2=" ">
    <subfield code="a">use of microcompartmentation of transcription/translation complexes in emulsions in selection of proteins with novel properties)</subfield>
  </datafield>
  <datafield tag="653" ind1="1" ind2=" ">
    <subfield code="a">Calmodulins Role: BPN (Biosynthetic preparation)</subfield>
  </datafield>
  <datafield tag="653" ind1="1" ind2=" ">
    <subfield code="a">BIOL (Biological study)</subfield>
  </datafield>
  <datafield tag="653" ind1="1" ind2=" ">
    <subfield code="a">PREP (Preparation) (fusion products with HaeIII methyltransferase</subfield>
  </datafield>
  <datafield tag="653" ind1="1" ind2=" ">
    <subfield code="a">use of microcompartmentation of transcription/translation complexes in emulsions in selection of proteins with novel properties)</subfield>
  </datafield>
  <datafield tag="653" ind1="1" ind2=" ">
    <subfield code="a">PCR (of captured DNA</subfield>
  </datafield>
  <datafield tag="653" ind1="1" ind2=" ">
    <subfield code="a">use of microcompartmentation of transcription/translation complexes in emulsions in selection of proteins with novel properties)</subfield>
  </datafield>
  <datafield tag="653" ind1="1" ind2=" ">
    <subfield code="a">Protein engineering (use of microcompartmentation of transcription/translation complexes in emulsions in selection of proteins with novel properties)</subfield>
  </datafield>
  <datafield tag="653" ind1="1" ind2=" ">
    <subfield code="a">Paraffin oils Role: BUU (Biological use</subfield>
  </datafield>
  <datafield tag="653" ind1="1" ind2=" ">
    <subfield code="a">unclassified)</subfield>
  </datafield>
  <datafield tag="653" ind1="1" ind2=" ">
    <subfield code="a">BIOL (Biological study)</subfield>
  </datafield>
  <datafield tag="653" ind1="1" ind2=" ">
    <subfield code="a">USES (Uses) (water-in-oil emulsions contg.</subfield>
  </datafield>
  <datafield tag="653" ind1="1" ind2=" ">
    <subfield code="a">use of microcompartmentation of transcription/translation complexes in emulsions in selection of proteins with novel properties)</subfield>
  </datafield>
  <datafield tag="653" ind1="1" ind2=" ">
    <subfield code="a">Emulsions (water-in-oil</subfield>
  </datafield>
  <datafield tag="653" ind1="1" ind2=" ">
    <subfield code="a">in microcompartmentation</subfield>
  </datafield>
  <datafield tag="653" ind1="1" ind2=" ">
    <subfield code="a">use of microcompartmentation of transcription/translation complexes in emulsions in selection of proteins with novel properties)</subfield>
  </datafield>
  <datafield tag="653" ind1="1" ind2=" ">
    <subfield code="a">microcompartmentation transcription translation DNA binding protein evolution</subfield>
  </datafield>
  <datafield tag="653" ind1="1" ind2=" ">
    <subfield code="a">DNA methyltransferase fusion product protein evolution selection</subfield>
  </datafield>
  <datafield tag="653" ind1="1" ind2=" ">
    <subfield code="a">suicide substrate DNA methyltransferase fusion product capture</subfield>
  </datafield>
  <datafield tag="700" ind1=" " ind2=" ">
    <subfield code="a">Bertschinger, Julian</subfield>
  </datafield>
  <datafield tag="700" ind1=" " ind2=" ">
    <subfield code="a">Heinis, Christian</subfield>
    <subfield code="g">163670</subfield>
    <subfield code="0">241317</subfield>
  </datafield>
  <datafield tag="909" ind1="C" ind2="0">
    <subfield code="p">LPPT</subfield>
    <subfield code="0">252109</subfield>
    <subfield code="x">U11959</subfield>
  </datafield>
  <datafield tag="909" ind1="C" ind2="O">
    <subfield code="o">oai:infoscience.tind.io:129286</subfield>
    <subfield code="p">SB</subfield>
  </datafield>
  <datafield tag="917" ind1="Z" ind2="8">
    <subfield code="x">148230</subfield>
  </datafield>
  <datafield tag="917" ind1="Z" ind2="8">
    <subfield code="x">148230</subfield>
  </datafield>
  <datafield tag="937" ind1=" " ind2=" ">
    <subfield code="a">LPPT-PATENT-2005-001</subfield>
  </datafield>
  <datafield tag="970" ind1=" " ind2=" ">
    <subfield code="a">0000000009/LPPT</subfield>
  </datafield>
  <datafield tag="973" ind1=" " ind2=" ">
    <subfield code="a">OTHER</subfield>
    <subfield code="s">PUBLISHED</subfield>
  </datafield>
  <datafield tag="980" ind1=" " ind2=" ">
    <subfield code="a">PATENT</subfield>
  </datafield>
</record>