
<record>
  <controlfield tag="001">121478</controlfield>
  <controlfield tag="005">20180913054401.0</controlfield>
  <datafield tag="013" ind1=" " ind2=" ">
    <subfield code="a">US2016319274</subfield>
    <subfield code="c">A1</subfield>
    <subfield code="b">US</subfield>
    <subfield code="d">20161103</subfield>
  </datafield>
  <datafield tag="013" ind1=" " ind2=" ">
    <subfield code="a">US9297006</subfield>
    <subfield code="c">B2</subfield>
    <subfield code="b">US</subfield>
    <subfield code="d">20160329</subfield>
  </datafield>
  <datafield tag="013" ind1=" " ind2=" ">
    <subfield code="a">US2014228254</subfield>
    <subfield code="c">A1</subfield>
    <subfield code="b">US</subfield>
    <subfield code="d">20140814</subfield>
  </datafield>
  <datafield tag="013" ind1=" " ind2=" ">
    <subfield code="a">US8652810</subfield>
    <subfield code="c">B2</subfield>
    <subfield code="b">US</subfield>
    <subfield code="d">20140218</subfield>
  </datafield>
  <datafield tag="013" ind1=" " ind2=" ">
    <subfield code="a">EP1634963</subfield>
    <subfield code="c">B1</subfield>
    <subfield code="b">EP</subfield>
    <subfield code="d">20130619</subfield>
  </datafield>
  <datafield tag="013" ind1=" " ind2=" ">
    <subfield code="a">EP1117827</subfield>
    <subfield code="c">B8</subfield>
    <subfield code="b">EP</subfield>
    <subfield code="d">20100602</subfield>
  </datafield>
  <datafield tag="013" ind1=" " ind2=" ">
    <subfield code="a">US2008160580</subfield>
    <subfield code="c">A1</subfield>
    <subfield code="b">US</subfield>
    <subfield code="d">20080703</subfield>
  </datafield>
  <datafield tag="013" ind1=" " ind2=" ">
    <subfield code="a">US7115400</subfield>
    <subfield code="c">B1</subfield>
    <subfield code="b">US</subfield>
    <subfield code="d">20061003</subfield>
  </datafield>
  <datafield tag="013" ind1=" " ind2=" ">
    <subfield code="a">DE69928683</subfield>
    <subfield code="c">T2</subfield>
    <subfield code="b">DE</subfield>
    <subfield code="d">20060824</subfield>
  </datafield>
  <datafield tag="013" ind1=" " ind2=" ">
    <subfield code="a">EP1634963</subfield>
    <subfield code="c">A1</subfield>
    <subfield code="b">EP</subfield>
    <subfield code="d">20060315</subfield>
  </datafield>
  <datafield tag="013" ind1=" " ind2=" ">
    <subfield code="a">AT311474</subfield>
    <subfield code="c">T</subfield>
    <subfield code="b">AT</subfield>
    <subfield code="d">20051215</subfield>
  </datafield>
  <datafield tag="013" ind1=" " ind2=" ">
    <subfield code="a">EP1117827</subfield>
    <subfield code="c">B1</subfield>
    <subfield code="b">EP</subfield>
    <subfield code="d">20051130</subfield>
  </datafield>
  <datafield tag="013" ind1=" " ind2=" ">
    <subfield code="a">NZ510599</subfield>
    <subfield code="c">A</subfield>
    <subfield code="b">NZ</subfield>
    <subfield code="d">20030630</subfield>
  </datafield>
  <datafield tag="013" ind1=" " ind2=" ">
    <subfield code="a">HU0105052</subfield>
    <subfield code="c">A2</subfield>
    <subfield code="b">HU</subfield>
    <subfield code="d">20020429</subfield>
  </datafield>
  <datafield tag="013" ind1=" " ind2=" ">
    <subfield code="a">PL347125</subfield>
    <subfield code="c">A1</subfield>
    <subfield code="b">PL</subfield>
    <subfield code="d">20020325</subfield>
  </datafield>
  <datafield tag="013" ind1=" " ind2=" ">
    <subfield code="a">BG105363</subfield>
    <subfield code="c">A</subfield>
    <subfield code="b">BG</subfield>
    <subfield code="d">20011231</subfield>
  </datafield>
  <datafield tag="013" ind1=" " ind2=" ">
    <subfield code="a">SK4292001</subfield>
    <subfield code="c">A3</subfield>
    <subfield code="b">SK</subfield>
    <subfield code="d">20011203</subfield>
  </datafield>
  <datafield tag="013" ind1=" " ind2=" ">
    <subfield code="a">CZ20011183</subfield>
    <subfield code="c">A3</subfield>
    <subfield code="b">CZ</subfield>
    <subfield code="d">20010912</subfield>
  </datafield>
  <datafield tag="013" ind1=" " ind2=" ">
    <subfield code="a">EP1117827</subfield>
    <subfield code="c">A1</subfield>
    <subfield code="b">EP</subfield>
    <subfield code="d">20010725</subfield>
  </datafield>
  <datafield tag="013" ind1=" " ind2=" ">
    <subfield code="a">NO20011303</subfield>
    <subfield code="c">A</subfield>
    <subfield code="b">NO</subfield>
    <subfield code="d">20010522</subfield>
  </datafield>
  <datafield tag="013" ind1=" " ind2=" ">
    <subfield code="a">CA2344575</subfield>
    <subfield code="c">A1</subfield>
    <subfield code="b">CA</subfield>
    <subfield code="d">20000406</subfield>
  </datafield>
  <datafield tag="013" ind1=" " ind2=" ">
    <subfield code="a">WO0018957</subfield>
    <subfield code="c">A1</subfield>
    <subfield code="b">WO</subfield>
    <subfield code="d">20000406</subfield>
  </datafield>
  <datafield tag="013" ind1=" " ind2=" ">
    <subfield code="a">EA004271</subfield>
    <subfield code="c">B1</subfield>
    <subfield code="b">EA</subfield>
    <subfield code="d">20040226</subfield>
  </datafield>
  <datafield tag="024" ind1="7" ind2="0">
    <subfield code="a">8235083</subfield>
    <subfield code="2">EPO Family ID</subfield>
  </datafield>
  <datafield tag="037" ind1=" " ind2=" ">
    <subfield code="a">PATENT</subfield>
  </datafield>
  <datafield tag="245" ind1=" " ind2=" ">
    <subfield code="a">Methods of nucleic acid amplification and sequencing</subfield>
  </datafield>
  <datafield tag="260" ind1=" " ind2=" ">
    <subfield code="c">2008</subfield>
  </datafield>
  <datafield tag="269" ind1=" " ind2=" ">
    <subfield code="a">2008</subfield>
  </datafield>
  <datafield tag="336" ind1=" " ind2=" ">
    <subfield code="a">Patents</subfield>
  </datafield>
  <datafield tag="500" ind1=" " ind2=" ">
    <subfield code="a">Also published as: WO0018957 / ZA200102420 / US7115400 / TR200100911 SK4292001</subfield>
  </datafield>
  <datafield tag="520" ind1=" " ind2=" ">
    <subfield code="a">Methods for amplification and sequencing of at least one nucleic acid comprising the following steps: (1) forming at least one nucleic acid template comprising the nucleic acid(s) to be amplified or sequenced, wherein said nucleic acid(s) to be amplified or sequenced, wherein said nucleic acid(s) contains at the 5' end an oligonucleotide sequence Y and at the 3' end an oligonucleotide sequence Z and, in addition, the nucleic acid(s) carry at the 5' end a means for attaching the nucleic acid(s) to a solid support; (2) mixing said nucleic acid template(s) with one or more colony primers X, which can hybridize to the oligonucleotide sequence Z and carries at the 5' end a means for attaching the colony primers to a solid support, in the presence of a solid support so that the 5' ends of both the nucleic acid template and the colony primers bind to the solid support; (3) performing one or more nucleic acid amplification reactions on the bound template(s), so that nucleic acid colonies are generated and optionally, performing at least one step of sequence determination of one or more of the nucleic acid colonies generated. Solid supports, kits and apparatus for use in these methods</subfield>
  </datafield>
  <datafield tag="700" ind1=" " ind2=" ">
    <subfield code="a">Adessi, Celine</subfield>
  </datafield>
  <datafield tag="700" ind1=" " ind2=" ">
    <subfield code="a">Kawashima, Eric</subfield>
  </datafield>
  <datafield tag="700" ind1=" " ind2=" ">
    <subfield code="a">Mayer, Pascal</subfield>
  </datafield>
  <datafield tag="700" ind1=" " ind2=" ">
    <subfield code="a">Mermod, Jean-Jacques</subfield>
  </datafield>
  <datafield tag="700" ind1=" " ind2=" ">
    <subfield code="a">Turcatti, Gerardo</subfield>
    <subfield code="g">103994</subfield>
    <subfield code="0">240363</subfield>
  </datafield>
  <datafield tag="909" ind1="C" ind2="0">
    <subfield code="p">PTCB</subfield>
    <subfield code="0">252118</subfield>
    <subfield code="x">U11378</subfield>
  </datafield>
  <datafield tag="909" ind1="C" ind2="O">
    <subfield code="o">oai:infoscience.tind.io:121478</subfield>
    <subfield code="p">SV</subfield>
  </datafield>
  <datafield tag="917" ind1="Z" ind2="8">
    <subfield code="x">182396</subfield>
  </datafield>
  <datafield tag="917" ind1="Z" ind2="8">
    <subfield code="x">182396</subfield>
  </datafield>
  <datafield tag="937" ind1=" " ind2=" ">
    <subfield code="a">EPFL-PATENT-121478</subfield>
  </datafield>
  <datafield tag="973" ind1=" " ind2=" ">
    <subfield code="a">EPFL</subfield>
    <subfield code="s">PUBLISHED</subfield>
  </datafield>
  <datafield tag="980" ind1=" " ind2=" ">
    <subfield code="a">PATENT</subfield>
  </datafield>
</record>