
<record>
  <controlfield tag="001">81382</controlfield>
  <controlfield tag="005">20180318102443.0</controlfield>
  <datafield tag="013" ind1=" " ind2=" ">
    <subfield code="a">2005-EP50899 2005085431</subfield>
  </datafield>
  <datafield tag="037" ind1=" " ind2=" ">
    <subfield code="a">PATENT</subfield>
  </datafield>
  <datafield tag="245" ind1=" " ind2=" ">
    <subfield code="a">Mutants of human O6-alkylguanine-DNA alkyltransferase with improved properties</subfield>
  </datafield>
  <datafield tag="260" ind1=" " ind2=" ">
    <subfield code="c">2005</subfield>
    <subfield code="b">(EPFL Ecole Polytechnique Federale de Lausanne, Switz.).</subfield>
  </datafield>
  <datafield tag="269" ind1=" " ind2=" ">
    <subfield code="a">2005</subfield>
  </datafield>
  <datafield tag="336" ind1=" " ind2=" ">
    <subfield code="a">Patents</subfield>
  </datafield>
  <datafield tag="520" ind1=" " ind2=" ">
    <subfield code="a">The invention relates to human O6-alkylguanine-DNA alkyltransferase (hAGT) mutants showing, when compared to the wild type human AGT, two or more advantageous properties selected from (a) reduced DNA interaction; (b) localization of the expressed protein in eukaryotic cells that is no longer restricted to the nucleus; (c) improved expression yield as sol. protein and improved stability in various hosts; (d) improved stability under oxidizing conditions; (e) improved stability within cells after reaction with a substrate; (f) improved stability outside cells before and after reaction with a substrate; (g) improved in vitro soly.; (h) improved reactivity against O6-alkylguanine substrates; (i) reduced reactivity against DNA-based substrates; and (j) reduced reactivity against N9-substituted 06-alkylguanine substrates. Such AGT mutants with the mentioned improved properties are mutants wherein between 1 and 25 amino acids of the wild type human AGT are substituted by other amino acids, and optionally 1 to 5 amino acids out of the continuous chain at one, two or three positions are deleted or added and/or 1 to 4 amino acids at the N-terminus or 1 to 40 amino acids at the C-terminus are deleted. The invention further relates to a method for detecting and/or manipulating a protein of interest wherein the protein of interest is incorporated into a fusion protein with the AGT mutants of the invention. Another object of the invention are AGT fusion proteins comprising such AGT mutants and the protein of interest. [on SciFinder (R)]</subfield>
  </datafield>
  <datafield tag="700" ind1=" " ind2=" ">
    <subfield code="a">Barnikov, Jan</subfield>
  </datafield>
  <datafield tag="700" ind1=" " ind2=" ">
    <subfield code="a">Chidley, Christopher</subfield>
    <subfield code="g">148315</subfield>
    <subfield code="0">240058</subfield>
  </datafield>
  <datafield tag="700" ind1=" " ind2=" ">
    <subfield code="a">Gronemeyer, Thomas</subfield>
    <subfield code="g">149141</subfield>
    <subfield code="0">240798</subfield>
  </datafield>
  <datafield tag="700" ind1=" " ind2=" ">
    <subfield code="a">Heinis, Christian</subfield>
    <subfield code="g">163670</subfield>
    <subfield code="0">241317</subfield>
  </datafield>
  <datafield tag="700" ind1=" " ind2=" ">
    <subfield code="a">Jaccard, Hughes</subfield>
  </datafield>
  <datafield tag="700" ind1=" " ind2=" ">
    <subfield code="a">Johnsson, Kai</subfield>
    <subfield code="g">123155</subfield>
    <subfield code="0">240057</subfield>
  </datafield>
  <datafield tag="700" ind1=" " ind2=" ">
    <subfield code="a">Juillerat, Alexandre</subfield>
    <subfield code="g">148820</subfield>
    <subfield code="0">241316</subfield>
  </datafield>
  <datafield tag="700" ind1=" " ind2=" ">
    <subfield code="a">Keppler, Antje</subfield>
    <subfield code="g">148319</subfield>
    <subfield code="0">241537</subfield>
  </datafield>
  <datafield tag="909" ind1="C" ind2="O">
    <subfield code="o">oai:infoscience.tind.io:81382</subfield>
    <subfield code="p">SB</subfield>
  </datafield>
  <datafield tag="909" ind1="C" ind2="0">
    <subfield code="p">LIP</subfield>
    <subfield code="0">252027</subfield>
    <subfield code="x">U10102</subfield>
  </datafield>
  <datafield tag="909" ind1="C" ind2="0">
    <subfield code="p">LPPT</subfield>
    <subfield code="0">252109</subfield>
    <subfield code="x">U11959</subfield>
  </datafield>
  <datafield tag="937" ind1=" " ind2=" ">
    <subfield code="a">LIP-PATENT-2005-002</subfield>
  </datafield>
  <datafield tag="970" ind1=" " ind2=" ">
    <subfield code="a">30/LIP</subfield>
  </datafield>
  <datafield tag="973" ind1=" " ind2=" ">
    <subfield code="a">EPFL</subfield>
    <subfield code="s">PUBLISHED</subfield>
  </datafield>
  <datafield tag="980" ind1=" " ind2=" ">
    <subfield code="a">PATENT</subfield>
  </datafield>
</record>