
<record>
  <controlfield tag="001">81283</controlfield>
  <controlfield tag="005">20180317094224.0</controlfield>
  <datafield tag="013" ind1=" " ind2=" ">
    <subfield code="a">2002-97470 2002137858</subfield>
  </datafield>
  <datafield tag="037" ind1=" " ind2=" ">
    <subfield code="a">PATENT</subfield>
  </datafield>
  <datafield tag="245" ind1=" " ind2=" ">
    <subfield code="a">Polymer flocculants with improved dewatering characteristics</subfield>
  </datafield>
  <datafield tag="260" ind1=" " ind2=" ">
    <subfield code="c">2002</subfield>
    <subfield code="b">(Ecole Polytechnique Federale De Lausanne (Epfl), Switz.).</subfield>
  </datafield>
  <datafield tag="269" ind1=" " ind2=" ">
    <subfield code="a">2002</subfield>
  </datafield>
  <datafield tag="336" ind1=" " ind2=" ">
    <subfield code="a">Patents</subfield>
  </datafield>
  <datafield tag="520" ind1=" " ind2=" ">
    <subfield code="a">A high mol. wt. water sol. acrylamide based polymer having improved flocculating and dewatering properties is provided. The polymer is prepd. by a process in which a small quantity of a chain branching agent is added to the polymn. reaction mixt. continuously or stepwise while the monomers are polymd. The polymer exhibits intrinsic viscosity >2 dL/g (1 M NaCl) and sedimentation coeff. within the sol. portion >6.17 * 10-13 s in 0.015 M NaCl and is useful in solid/liq. sepns. such as flocculants and coagulants in wastewater treatment applications, and as thickening agents. A typical polymer was manufd. by water-in-oil emulsion-polymn. of 60 mol% acrylamide with 40 mol% dimethylaminoethyl acrylate Me chloride while adding 4-16 ppm methylenebisacrylamide in the presence of 2,2'-azobis(4-methoxy-2,4-dimethylvaleronitrile) and Na2S2O5. [on SciFinder (R)]</subfield>
  </datafield>
  <datafield tag="700" ind1=" " ind2=" ">
    <subfield code="a">Hernandez-barajas, Jose</subfield>
  </datafield>
  <datafield tag="700" ind1=" " ind2=" ">
    <subfield code="a">Wandrey, Christine</subfield>
    <subfield code="g">112792</subfield>
    <subfield code="0">241193</subfield>
  </datafield>
  <datafield tag="700" ind1=" " ind2=" ">
    <subfield code="a">Hunkeler, David</subfield>
    <subfield code="g">111777</subfield>
    <subfield code="0">241888</subfield>
  </datafield>
  <datafield tag="909" ind1="C" ind2="0">
    <subfield code="p">LMRP</subfield>
    <subfield code="0">252196</subfield>
    <subfield code="x">U11032</subfield>
  </datafield>
  <datafield tag="937" ind1=" " ind2=" ">
    <subfield code="a">LMRP-PATENT-2002-001</subfield>
  </datafield>
  <datafield tag="970" ind1=" " ind2=" ">
    <subfield code="a">182/LMRP</subfield>
  </datafield>
  <datafield tag="973" ind1=" " ind2=" ">
    <subfield code="a">EPFL</subfield>
    <subfield code="s">PUBLISHED</subfield>
  </datafield>
  <datafield tag="980" ind1=" " ind2=" ">
    <subfield code="a">PATENT</subfield>
  </datafield>
</record>