
<record>
  <controlfield tag="001">79919</controlfield>
  <controlfield tag="005">20180317094504.0</controlfield>
  <datafield tag="013" ind1=" " ind2=" ">
    <subfield code="a">2004-GR6 2005072860</subfield>
  </datafield>
  <datafield tag="037" ind1=" " ind2=" ">
    <subfield code="a">PATENT</subfield>
  </datafield>
  <datafield tag="245" ind1=" " ind2=" ">
    <subfield code="a">Method and apparatus for carrying out electrochemically promoted reactions</subfield>
  </datafield>
  <datafield tag="260" ind1=" " ind2=" ">
    <subfield code="c">2005</subfield>
    <subfield code="b">(University of Patras, Greece).</subfield>
  </datafield>
  <datafield tag="269" ind1=" " ind2=" ">
    <subfield code="a">2005</subfield>
  </datafield>
  <datafield tag="336" ind1=" " ind2=" ">
    <subfield code="a">Patents</subfield>
  </datafield>
  <datafield tag="520" ind1=" " ind2=" ">
    <subfield code="a">The method and app. for carrying out electrochem. promoted catalytic reactions, i.e., catalytic reactions where the catalytic rate and selectivity is modified by applying an elec. current or potential between the porous catalyst film which is deposited on a solid electrolyte and a second catalytic material which is also coated on the other side of the solid electrolyte component. The new app., termed monolithic electropromoted reactor, consists of an appropriately grooved ceramic monolithic casing and of flat or ribbed solid electrolyte plates coated with the appropriate catalysts and support and elec. connections in the parallel grooves carved in the inside walls of the ceramic monolithic reactor casing. The flat of ribbed solid electrolyte plates are parallel to each other and are coated on one side by one catalyst (Catalyst 1) and on the other side by a second catalyst (Catalyst 2). All the catalyst 1 coatings are brought in electronic contact with an electronically conductive coating on one of the inside wall surfaces of the ceramic reactor casing and all the catalyst 2 coatings are brought in electronic contact with a second conductive coating on the opposite wall surface of the ceramic reactor casing. In this way all the electrochem. cells formed one in each plate are elec. connected in parallel and the reactor can be electropromoted by elec. potential or current application at the two terminals. Series elec. connection is also possible via elec. connection of catalyst 2 in each plate with catalyst I in the next plate. [on SciFinder (R)]</subfield>
  </datafield>
  <datafield tag="700" ind1=" " ind2=" ">
    <subfield code="a">Vayenas, Constantinos G.</subfield>
  </datafield>
  <datafield tag="700" ind1=" " ind2=" ">
    <subfield code="a">Balomenou, Stella</subfield>
  </datafield>
  <datafield tag="700" ind1=" " ind2=" ">
    <subfield code="a">Tsiplakides, Demetrios</subfield>
  </datafield>
  <datafield tag="700" ind1=" " ind2=" ">
    <subfield code="a">Katsaounis, Alexandros</subfield>
  </datafield>
  <datafield tag="700" ind1=" " ind2=" ">
    <subfield code="a">Brosda, Susanne</subfield>
  </datafield>
  <datafield tag="700" ind1=" " ind2=" ">
    <subfield code="a">Foti, Gyorgy</subfield>
    <subfield code="g">112631</subfield>
    <subfield code="0">240319</subfield>
  </datafield>
  <datafield tag="700" ind1=" " ind2=" ">
    <subfield code="a">Comninellis, Christos</subfield>
    <subfield code="g">104807</subfield>
    <subfield code="0">240416</subfield>
  </datafield>
  <datafield tag="700" ind1=" " ind2=" ">
    <subfield code="a">Thiemann-Handler, Sabine</subfield>
  </datafield>
  <datafield tag="700" ind1=" " ind2=" ">
    <subfield code="a">Cramer, Berndt</subfield>
  </datafield>
  <datafield tag="909" ind1="C" ind2="0">
    <subfield code="p">GGEC</subfield>
    <subfield code="0">252005</subfield>
    <subfield code="x">U10173</subfield>
  </datafield>
  <datafield tag="937" ind1=" " ind2=" ">
    <subfield code="a">GGEC-PATENT-2005-001</subfield>
  </datafield>
  <datafield tag="970" ind1=" " ind2=" ">
    <subfield code="a">6/GGEC</subfield>
  </datafield>
  <datafield tag="973" ind1=" " ind2=" ">
    <subfield code="a">EPFL</subfield>
    <subfield code="s">PUBLISHED</subfield>
  </datafield>
  <datafield tag="980" ind1=" " ind2=" ">
    <subfield code="a">PATENT</subfield>
  </datafield>
</record>