
<record>
  <controlfield tag="001">231294</controlfield>
  <controlfield tag="005">20190507143833.0</controlfield>
  <datafield tag="013" ind1=" " ind2=" ">
    <subfield code="a">WO2017158190</subfield>
    <subfield code="c">A1</subfield>
    <subfield code="b">WO</subfield>
    <subfield code="d">20170921</subfield>
  </datafield>
  <datafield tag="024" ind1="7" ind2="0">
    <subfield code="a">55628769</subfield>
    <subfield code="2">EPO Family ID</subfield>
  </datafield>
  <datafield tag="024" ind1="7" ind2="0">
    <subfield code="a">6.1502</subfield>
    <subfield code="2">TTO</subfield>
  </datafield>
  <datafield tag="037" ind1=" " ind2=" ">
    <subfield code="a">PATENT</subfield>
  </datafield>
  <datafield tag="245" ind1=" " ind2=" ">
    <subfield code="a">Enhancers of notch signaling and their use in the treatment of cancers and malignancies medicable by upregulation of notch</subfield>
  </datafield>
  <datafield tag="260" ind1=" " ind2=" ">
    <subfield code="c">2017</subfield>
  </datafield>
  <datafield tag="269" ind1=" " ind2=" ">
    <subfield code="a">2017</subfield>
  </datafield>
  <datafield tag="336" ind1=" " ind2=" ">
    <subfield code="a">Patents</subfield>
  </datafield>
  <datafield tag="520" ind1=" " ind2=" ">
    <subfield code="a">The present invention relates to the use for enhancing Notch signaling in an individual, of a compound showing the general formula (I) and/or a pharmaceutically acceptable salt or ester thereof, for the treatment of a disease selected from the group of dermatological disorders including atopic dermatitis, psoriasis, immune related disorders, cancer, squamous cell carcinoma, cutaneous and lung squamous cell carcinoma, head and neck cancer, non-melanoma skin cancer, basal cell carcinoma and actinic keratosis, neuroendocrine tumors, neuroendocrine small cell carcinoma and carcinoid tumors, thyroid carcinomas, muscular disorders muscular dystrophy and impaired regeneration capacity after injury; use in immunotherapy for cancer.</subfield>
  </datafield>
  <datafield tag="700" ind1=" " ind2=" ">
    <subfield code="a">Reinmueller, Viktoria</subfield>
    <subfield code="0">245294</subfield>
    <subfield code="g">207168</subfield>
  </datafield>
  <datafield tag="700" ind1=" " ind2=" ">
    <subfield code="a">Zhu, Jieping</subfield>
  </datafield>
  <datafield tag="909" ind1="C" ind2="0">
    <subfield code="p">TTO</subfield>
    <subfield code="0">252085</subfield>
    <subfield code="x">U10021</subfield>
  </datafield>
  <datafield tag="937" ind1=" " ind2=" ">
    <subfield code="a">EPFL-PATENT-231294</subfield>
  </datafield>
  <datafield tag="973" ind1=" " ind2=" ">
    <subfield code="a">EPFL</subfield>
  </datafield>
  <datafield tag="980" ind1=" " ind2=" ">
    <subfield code="a">PATENT</subfield>
  </datafield>
</record>