
<record>
  <controlfield tag="001">229127</controlfield>
  <controlfield tag="005">20180318102420.0</controlfield>
  <datafield tag="013" ind1=" " ind2=" ">
    <subfield code="a">AU3450800</subfield>
    <subfield code="c">A</subfield>
    <subfield code="b">AU</subfield>
    <subfield code="d">20001114</subfield>
  </datafield>
  <datafield tag="013" ind1=" " ind2=" ">
    <subfield code="a">WO0061514</subfield>
    <subfield code="c">A1</subfield>
    <subfield code="b">WO</subfield>
    <subfield code="d">20001019</subfield>
  </datafield>
  <datafield tag="013" ind1=" " ind2=" ">
    <subfield code="a">EP1044935</subfield>
    <subfield code="c">A1</subfield>
    <subfield code="b">EP</subfield>
    <subfield code="d">20001018</subfield>
  </datafield>
  <datafield tag="024" ind1="7" ind2="0">
    <subfield code="a">8242767</subfield>
    <subfield code="2">EPO Family ID</subfield>
  </datafield>
  <datafield tag="024" ind1="7" ind2="0">
    <subfield code="a">6.0143</subfield>
    <subfield code="2">TTO</subfield>
  </datafield>
  <datafield tag="037" ind1=" " ind2=" ">
    <subfield code="a">PATENT</subfield>
  </datafield>
  <datafield tag="245" ind1=" " ind2=" ">
    <subfield code="a">A low weight resistant porous glass fiber having physical chemical or biological properties</subfield>
  </datafield>
  <datafield tag="260" ind1=" " ind2=" ">
    <subfield code="c">2000</subfield>
  </datafield>
  <datafield tag="269" ind1=" " ind2=" ">
    <subfield code="a">2000</subfield>
  </datafield>
  <datafield tag="336" ind1=" " ind2=" ">
    <subfield code="a">Patents</subfield>
  </datafield>
  <datafield tag="520" ind1=" " ind2=" ">
    <subfield code="a">A low weight resistant porous glass fiber of type I is disclosed with a developed specific surface area of 5 times to 120 times the outer surface of a standard glass fiber, and a material having physical, chemical or biological reactive properties deposited on the developed surface area of said porous glass fiber. A low weight resistant porous glass fiber of type II is disclosed as well with a developed specific surface area of 20 times to 200 times the outer surface of a standard glass fiber. The developed surface of said porous glass fiber is covered with a material capable of being a support for receiving a material having physical, chemical or biological reactive properties, and a material having physical, chemical or biological reactive properties is deposited on the intermediate support material covering the porous glass fiber. Corresponding processes of preparation and various uses are described.</subfield>
  </datafield>
  <datafield tag="700" ind1=" " ind2=" ">
    <subfield code="a">Kiwi-minsker, Lioubov</subfield>
    <subfield code="g">105553</subfield>
    <subfield code="0">240077</subfield>
  </datafield>
  <datafield tag="700" ind1=" " ind2=" ">
    <subfield code="a">Iouranov, Igor</subfield>
    <subfield code="g">116993</subfield>
    <subfield code="0">246218</subfield>
  </datafield>
  <datafield tag="700" ind1=" " ind2=" ">
    <subfield code="a">Renken, Albert</subfield>
    <subfield code="g">106205</subfield>
    <subfield code="0">240078</subfield>
  </datafield>
  <datafield tag="909" ind1="C" ind2="0">
    <subfield code="p">TTO</subfield>
    <subfield code="0">252085</subfield>
    <subfield code="x">U10021</subfield>
  </datafield>
  <datafield tag="909" ind1="C" ind2="0">
    <subfield code="p">LGRC</subfield>
    <subfield code="0">252033</subfield>
    <subfield code="x">U10178</subfield>
  </datafield>
  <datafield tag="937" ind1=" " ind2=" ">
    <subfield code="a">EPFL-PATENT-229127</subfield>
  </datafield>
  <datafield tag="973" ind1=" " ind2=" ">
    <subfield code="a">EPFL</subfield>
  </datafield>
  <datafield tag="980" ind1=" " ind2=" ">
    <subfield code="a">PATENT</subfield>
  </datafield>
</record>