
<record>
  <controlfield tag="001">228982</controlfield>
  <controlfield tag="005">20180317092337.0</controlfield>
  <datafield tag="013" ind1=" " ind2=" ">
    <subfield code="a">US9252252</subfield>
    <subfield code="c">B2</subfield>
    <subfield code="b">US</subfield>
    <subfield code="d">20160202</subfield>
  </datafield>
  <datafield tag="013" ind1=" " ind2=" ">
    <subfield code="a">US2013313524</subfield>
    <subfield code="c">A1</subfield>
    <subfield code="b">US</subfield>
    <subfield code="d">20131128</subfield>
  </datafield>
  <datafield tag="024" ind1="7" ind2="0">
    <subfield code="a">49620885</subfield>
    <subfield code="2">EPO Family ID</subfield>
  </datafield>
  <datafield tag="024" ind1="7" ind2="0">
    <subfield code="a">6.1152</subfield>
    <subfield code="2">TTO</subfield>
  </datafield>
  <datafield tag="037" ind1=" " ind2=" ">
    <subfield code="a">PATENT</subfield>
  </datafield>
  <datafield tag="245" ind1=" " ind2=" ">
    <subfield code="a">Ambipolar silicon nanowire field effect transistor</subfield>
  </datafield>
  <datafield tag="260" ind1=" " ind2=" ">
    <subfield code="c">2013</subfield>
  </datafield>
  <datafield tag="269" ind1=" " ind2=" ">
    <subfield code="a">2013</subfield>
  </datafield>
  <datafield tag="336" ind1=" " ind2=" ">
    <subfield code="a">Patents</subfield>
  </datafield>
  <datafield tag="520" ind1=" " ind2=" ">
    <subfield code="a">This invention describes a novel electronic device consisting of one-or more-vertically stacked gate-all-around silicon nanowire field effect transistor (SNWFET) with two independent gate electrodes. One of the two gate electrodes, acting on the central section of the transistor channel, controls on/off behavior of the channel. The second gate, acting on the regions in proximity to the source and the drain of the transistor, defines the polarity of the devices, i.e. p or n type. The electric field of the second gate acts either at the interface of the nanowire-to-source/drain region or anywhere in close proximity to the depleted region of the SiNW body, modulating the bending of the Schottky barriers at the contacts, eventually screening one type of charge carrier to pass through the channel of the transistor.; This is achieved by controlling the majority carriers passing through the transistor channel by regulating the Schottky barrier thicknesses at the source and drain contacts.</subfield>
  </datafield>
  <datafield tag="700" ind1=" " ind2=" ">
    <subfield code="a">De Micheli, Giovanni</subfield>
  </datafield>
  <datafield tag="700" ind1=" " ind2=" ">
    <subfield code="a">Leblebici, Yusuf</subfield>
  </datafield>
  <datafield tag="700" ind1=" " ind2=" ">
    <subfield code="a">De Marchi, Michele</subfield>
  </datafield>
  <datafield tag="700" ind1=" " ind2=" ">
    <subfield code="a">Sacchetto, Davide</subfield>
  </datafield>
  <datafield tag="909" ind1="C" ind2="0">
    <subfield code="p">TTO</subfield>
    <subfield code="0">252085</subfield>
    <subfield code="x">U10021</subfield>
  </datafield>
  <datafield tag="937" ind1=" " ind2=" ">
    <subfield code="a">EPFL-PATENT-228982</subfield>
  </datafield>
  <datafield tag="973" ind1=" " ind2=" ">
    <subfield code="a">EPFL</subfield>
  </datafield>
  <datafield tag="980" ind1=" " ind2=" ">
    <subfield code="a">PATENT</subfield>
  </datafield>
</record>