
<record>
  <controlfield tag="001">228497</controlfield>
  <controlfield tag="005">20190317000724.0</controlfield>
  <datafield tag="013" ind1=" " ind2=" ">
    <subfield code="a">CA2182494</subfield>
    <subfield code="c">A1</subfield>
    <subfield code="b">CA</subfield>
    <subfield code="d">19950817</subfield>
  </datafield>
  <datafield tag="013" ind1=" " ind2=" ">
    <subfield code="a">US5902584</subfield>
    <subfield code="b">US</subfield>
    <subfield code="d">19990511</subfield>
  </datafield>
  <datafield tag="024" ind1="7" ind2="0">
    <subfield code="a">3778370</subfield>
    <subfield code="2">EPO Family ID</subfield>
  </datafield>
  <datafield tag="024" ind1="7" ind2="0">
    <subfield code="a">25617445</subfield>
    <subfield code="2">EPO Family ID</subfield>
  </datafield>
  <datafield tag="024" ind1="7" ind2="0">
    <subfield code="a">25644615</subfield>
    <subfield code="2">EPO Family ID</subfield>
  </datafield>
  <datafield tag="037" ind1=" " ind2=" ">
    <subfield code="a">PATENT</subfield>
  </datafield>
  <datafield tag="245" ind1=" " ind2=" ">
    <subfield code="a">Antibodies which bind the G-CSF receptor extracelluar domain and methods of treatment</subfield>
  </datafield>
  <datafield tag="260" ind1=" " ind2=" ">
    <subfield code="c">1999</subfield>
  </datafield>
  <datafield tag="269" ind1=" " ind2=" ">
    <subfield code="a">1999</subfield>
  </datafield>
  <datafield tag="336" ind1=" " ind2=" ">
    <subfield code="a">Patents</subfield>
  </datafield>
  <datafield tag="500" ind1=" " ind2=" ">
    <subfield code="a">CIB: A61P37/02; C07K16/28; A61K38/00; (IPC1-7): A61K39/395; C07K16/00</subfield>
  </datafield>
  <datafield tag="520" ind1=" " ind2=" ">
    <subfield code="a">PCT No. PCT/US95/01696 Sec. 371 Date Jan. 21, 1997 Sec. 102(e) Date Jan. 21, 1997 PCT Filed Feb. 8, 1995 PCT Pub. No. WO95/21864 PCT Pub. Date Aug. 17, 1995The invention relates to a composition comprising antibodies or binding portions thereof which bind to a naturally occurring or recombinant G-CSF receptor extracellular domain, and reduce tyrosine phosphorylation of a JAK molecule. The invention also relates to methods of using this composition for inhibiting or decreasing tyrosine phosphorylation of a JAK kinase and for inhibiting or decreasing G-CSF interaction with its receptor. Also described are antibodies which bind to a G-CSF receptor extracellular domain and which are produced by immunizing an animal with cells transfected with DNA encoding a G-CSF receptor.</subfield>
  </datafield>
  <datafield tag="700" ind1=" " ind2=" ">
    <subfield code="a">Nicholson, Sandra E.</subfield>
  </datafield>
  <datafield tag="700" ind1=" " ind2=" ">
    <subfield code="a">Layton, Judith E.</subfield>
  </datafield>
  <datafield tag="700" ind1=" " ind2=" ">
    <subfield code="a">Wilks, Andrew F.</subfield>
  </datafield>
  <datafield tag="700" ind1=" " ind2=" ">
    <subfield code="a">Oates, Andrew C.</subfield>
    <subfield code="g">276451</subfield>
    <subfield code="0">250293</subfield>
  </datafield>
  <datafield tag="700" ind1=" " ind2=" ">
    <subfield code="a">Harpur, Ailsa G.</subfield>
  </datafield>
  <datafield tag="856" ind1="4" ind2=" ">
    <subfield code="z">URL</subfield>
    <subfield code="u">https://worldwide.espacenet.com/publicationDetails/biblio?FT=D&amp;date=19990511&amp;DB=&amp;locale=&amp;CC=US&amp;NR=5902584A&amp;KC=A&amp;ND=1</subfield>
  </datafield>
  <datafield tag="909" ind1="C" ind2="0">
    <subfield code="p">UPOATES</subfield>
    <subfield code="0">252604</subfield>
    <subfield code="x">U13325</subfield>
  </datafield>
  <datafield tag="909" ind1="C" ind2="O">
    <subfield code="o">oai:infoscience.tind.io:228497</subfield>
    <subfield code="p">SV</subfield>
    <subfield code="q">GLOBAL_SET</subfield>
  </datafield>
  <datafield tag="937" ind1=" " ind2=" ">
    <subfield code="a">EPFL-PATENT-228497</subfield>
  </datafield>
  <datafield tag="970" ind1=" " ind2=" ">
    <subfield code="a">nicholson_antibodies_1999/UPOATES</subfield>
  </datafield>
  <datafield tag="973" ind1=" " ind2=" ">
    <subfield code="a">OTHER</subfield>
    <subfield code="s">PUBLISHED</subfield>
    <subfield code="r">REVIEWED</subfield>
  </datafield>
  <datafield tag="980" ind1=" " ind2=" ">
    <subfield code="a">PATENT</subfield>
  </datafield>
</record>