
<record>
  <controlfield tag="001">228351</controlfield>
  <controlfield tag="005">20180913064332.0</controlfield>
  <datafield tag="013" ind1=" " ind2=" ">
    <subfield code="a">US9468386</subfield>
    <subfield code="c">B2</subfield>
    <subfield code="b">US</subfield>
    <subfield code="d">20161018</subfield>
  </datafield>
  <datafield tag="013" ind1=" " ind2=" ">
    <subfield code="a">US2015257668</subfield>
    <subfield code="c">A1</subfield>
    <subfield code="b">US</subfield>
    <subfield code="d">20150917</subfield>
  </datafield>
  <datafield tag="024" ind1="7" ind2="0">
    <subfield code="a">54067605</subfield>
    <subfield code="2">EPO Family ID</subfield>
  </datafield>
  <datafield tag="024" ind1="7" ind2="0">
    <subfield code="a">6.1045</subfield>
    <subfield code="2">TTO</subfield>
  </datafield>
  <datafield tag="037" ind1=" " ind2=" ">
    <subfield code="a">PATENT</subfield>
  </datafield>
  <datafield tag="245" ind1=" " ind2=" ">
    <subfield code="a">Method for detecting abnormalities in an electrocardiogram</subfield>
  </datafield>
  <datafield tag="260" ind1=" " ind2=" ">
    <subfield code="c">2015</subfield>
  </datafield>
  <datafield tag="269" ind1=" " ind2=" ">
    <subfield code="a">2015</subfield>
  </datafield>
  <datafield tag="336" ind1=" " ind2=" ">
    <subfield code="a">Patents</subfield>
  </datafield>
  <datafield tag="520" ind1=" " ind2=" ">
    <subfield code="a">A method for classification of ECG beats into normal and different categories of abnormal beats. The method comprises the following steps, performed on a computing platform: a. performing a training phase comprising taking as an input one or more ECG beats that are pre-classified into the different categories, with each ECG beat decomposed into multiple features and defining membership functions for each beat category for each feature; b. performing an operating phase, wherein (i) for each ECG beat to be classified, decompose the ECG beat into the multiple features; (ii) compute values of each membership function identified in the step of performing the training phase for each feature of the ECG beat for the different categories; (iii) merge the membership function values for all features in an ECG beat in a manner as to get a single beat value for each beat category across the features; (iv) identify a value alpha in the range [0,1], such that the difference between the top two beat values across the different beat categories is more than or equal to the sum of the beat values of all the remaining beat categories multiplied by the value alpha and such that a desired percentage of normal or abnormal beat classification is obtained; (v) if an alpha value can be identified, then classify the beat to belong to the beat that has the highest beat value, otherwise classify the beat as abnormal.</subfield>
  </datafield>
  <datafield tag="700" ind1=" " ind2=" ">
    <subfield code="a">Braojos Lopez, Ruben</subfield>
    <subfield code="g">195205</subfield>
    <subfield code="0">245614</subfield>
  </datafield>
  <datafield tag="700" ind1=" " ind2=" ">
    <subfield code="a">Ansaloni, Giovanni</subfield>
    <subfield code="g">217739</subfield>
    <subfield code="0">245615</subfield>
  </datafield>
  <datafield tag="700" ind1=" " ind2=" ">
    <subfield code="a">Atienza Alonso, David</subfield>
    <subfield code="g">169199</subfield>
    <subfield code="0">240268</subfield>
  </datafield>
  <datafield tag="700" ind1=" " ind2=" ">
    <subfield code="a">Rincon Vallejos, Francisco Javier</subfield>
    <subfield code="g">176649</subfield>
    <subfield code="0">246887</subfield>
  </datafield>
  <datafield tag="700" ind1=" " ind2=" ">
    <subfield code="a">Murali, Srinivasan</subfield>
    <subfield code="g">171633</subfield>
    <subfield code="0">242414</subfield>
  </datafield>
  <datafield tag="909" ind1="C" ind2="0">
    <subfield code="p">TTO</subfield>
    <subfield code="0">252085</subfield>
    <subfield code="x">U10021</subfield>
  </datafield>
  <datafield tag="909" ind1="C" ind2="0">
    <subfield code="p">ESL</subfield>
    <subfield code="0">252050</subfield>
    <subfield code="x">U11977</subfield>
  </datafield>
  <datafield tag="909" ind1="C" ind2="O">
    <subfield code="o">oai:infoscience.tind.io:228351</subfield>
    <subfield code="p">STI</subfield>
  </datafield>
  <datafield tag="917" ind1="Z" ind2="8">
    <subfield code="x">169199</subfield>
  </datafield>
  <datafield tag="937" ind1=" " ind2=" ">
    <subfield code="a">EPFL-PATENT-228351</subfield>
  </datafield>
  <datafield tag="973" ind1=" " ind2=" ">
    <subfield code="a">EPFL</subfield>
  </datafield>
  <datafield tag="980" ind1=" " ind2=" ">
    <subfield code="a">PATENT</subfield>
  </datafield>
</record>