
<record>
  <controlfield tag="001">228137</controlfield>
  <controlfield tag="005">20180317092335.0</controlfield>
  <datafield tag="013" ind1=" " ind2=" ">
    <subfield code="a">WO2016207851</subfield>
    <subfield code="c">A1</subfield>
    <subfield code="b">WO</subfield>
    <subfield code="d">20161229</subfield>
  </datafield>
  <datafield tag="024" ind1="7" ind2="0">
    <subfield code="a">53773190</subfield>
    <subfield code="2">EPO Family ID</subfield>
  </datafield>
  <datafield tag="024" ind1="7" ind2="0">
    <subfield code="a">6.1510</subfield>
    <subfield code="2">TTO</subfield>
  </datafield>
  <datafield tag="037" ind1=" " ind2=" ">
    <subfield code="a">PATENT</subfield>
  </datafield>
  <datafield tag="245" ind1=" " ind2=" ">
    <subfield code="a">Ultrasonic driving method</subfield>
  </datafield>
  <datafield tag="260" ind1=" " ind2=" ">
    <subfield code="c">2016</subfield>
  </datafield>
  <datafield tag="269" ind1=" " ind2=" ">
    <subfield code="a">2016</subfield>
  </datafield>
  <datafield tag="336" ind1=" " ind2=" ">
    <subfield code="a">Patents</subfield>
  </datafield>
  <datafield tag="520" ind1=" " ind2=" ">
    <subfield code="a">A method for driving a first component (11) into a second component (12) by superimposing a mechanical wave of ultrasonic frequency (18) onto the movement (17) of at least one of the components (11, 12). The method comprises a step of adjusting the parameters of the method in order to control the quantity of energy dissipated at the interface (13) between the two components (11, 12). In particular, the oscillatory displacement at ultrasonic frequency is measured optically at a frequency greater than the ultrasonic application frequency and the oscillation amplitude is therefore estimated in real time in order to be able to keep same constant during the driving operation as a result of adjusting the ultrasonic power injected into the system. In particular, the method consists of driving timepiece components such as a pin, a shaft, a tube, a pinion, a screw foot, a post, a tube, an hour wheel, a timepiece jewel, a bearing, a timepiece shock-absorber, an intermediate part in a plate, a bridge, a ring, an intermediate part, a timepiece wheel, a disc, a dial, a hand or a bracelet link.</subfield>
  </datafield>
  <datafield tag="700" ind1=" " ind2=" ">
    <subfield code="a">Azau, Csaba</subfield>
  </datafield>
  <datafield tag="700" ind1=" " ind2=" ">
    <subfield code="a">Jacot, Jacques</subfield>
  </datafield>
  <datafield tag="909" ind1="C" ind2="0">
    <subfield code="p">TTO</subfield>
    <subfield code="0">252085</subfield>
    <subfield code="x">U10021</subfield>
  </datafield>
  <datafield tag="937" ind1=" " ind2=" ">
    <subfield code="a">EPFL-PATENT-228137</subfield>
  </datafield>
  <datafield tag="973" ind1=" " ind2=" ">
    <subfield code="a">EPFL</subfield>
  </datafield>
  <datafield tag="980" ind1=" " ind2=" ">
    <subfield code="a">PATENT</subfield>
  </datafield>
</record>