
<record>
  <controlfield tag="001">228120</controlfield>
  <controlfield tag="005">20180913064325.0</controlfield>
  <datafield tag="013" ind1=" " ind2=" ">
    <subfield code="a">US9774467</subfield>
    <subfield code="c">B2</subfield>
    <subfield code="b">US</subfield>
    <subfield code="d">20170926</subfield>
  </datafield>
  <datafield tag="013" ind1=" " ind2=" ">
    <subfield code="a">US2016164695</subfield>
    <subfield code="c">A1</subfield>
    <subfield code="b">US</subfield>
    <subfield code="d">20160609</subfield>
  </datafield>
  <datafield tag="013" ind1=" " ind2=" ">
    <subfield code="a">EP3025428</subfield>
    <subfield code="c">A1</subfield>
    <subfield code="b">EP</subfield>
    <subfield code="d">20160601</subfield>
  </datafield>
  <datafield tag="013" ind1=" " ind2=" ">
    <subfield code="a">WO2015011528</subfield>
    <subfield code="c">A1</subfield>
    <subfield code="b">WO</subfield>
    <subfield code="d">20150129</subfield>
  </datafield>
  <datafield tag="024" ind1="7" ind2="0">
    <subfield code="a">49162180</subfield>
    <subfield code="2">EPO Family ID</subfield>
  </datafield>
  <datafield tag="024" ind1="7" ind2="0">
    <subfield code="a">6.1242</subfield>
    <subfield code="2">TTO</subfield>
  </datafield>
  <datafield tag="037" ind1=" " ind2=" ">
    <subfield code="a">PATENT</subfield>
  </datafield>
  <datafield tag="245" ind1=" " ind2=" ">
    <subfield code="a">Distributed Intelligent Modules System Using Power-line Communication for Electrical Appliance Automation</subfield>
  </datafield>
  <datafield tag="260" ind1=" " ind2=" ">
    <subfield code="c">2016</subfield>
  </datafield>
  <datafield tag="269" ind1=" " ind2=" ">
    <subfield code="a">2016</subfield>
  </datafield>
  <datafield tag="336" ind1=" " ind2=" ">
    <subfield code="a">Patents</subfield>
  </datafield>
  <datafield tag="520" ind1=" " ind2=" ">
    <subfield code="a">In a first aspect the invention provides a system that comprising a plurality of electronic modules, each one of the electronic modules configured for enabling automation of an electrical appliance to be connected to the electronic module. Each electronic module comprises at least a communication sub-part configured to enable communication over a power-line network with other modules, at least an acting means configured to act on an electrical voltage to be applied to the electrical appliance, at least a measurement means configured to measure a power consumption to be consumed by the electrical appliance, and an embedded intel ligence means configured to process signals providing from or going to the at least one communication sub-part, the at least one acting means and the at least one measurement means. Each one of the plurality of electronic modules is enabled for communication with the others of the plurality of electronic modules over the power-line network by means of its at least one communication sub-part. In each one of the plurality of electronic modules the embedded intelligence means further comprises outgoing message sending means configured to send an outgoing message over the power-line network to at least one of the others of the plurality of electronic modules, ingoing message receiving means configured to receive an ingoing message over the power-line network from at least one of the others of the plurality of electronic modules, identifying means configured to identify an ingoing message relevant to the electronic module, presentation means configured to prepare a presentation message to be sent as outgoing message, the presentation message containing presentation information related to an identity of the electronic module, hierarchical ordering means configured to generate an ordered list of the plurality of modules that comprises the electronic module and the others of the plurality of electronic modules, depending on presentation information from the electronic module and presentation information received from the others of the plurality of electronic modules, and electing means for electing from the ordered list a president electronic module. The presentation means, the hierarchical ordering means and the electing means are configured such that the electing means in each of the plurality of electronic modules find the same president electronic module. The embedded intelligence means are further configured to handle information included an ingoing message sent from the president electronic module according to a determined priority protocol.</subfield>
  </datafield>
  <datafield tag="700" ind1=" " ind2=" ">
    <subfield code="a">Fabre, Laurent</subfield>
    <subfield code="g">154021</subfield>
    <subfield code="0">244590</subfield>
  </datafield>
  <datafield tag="700" ind1=" " ind2=" ">
    <subfield code="a">Kayal, Maher</subfield>
    <subfield code="g">105540</subfield>
    <subfield code="0">240539</subfield>
  </datafield>
  <datafield tag="700" ind1=" " ind2=" ">
    <subfield code="a">Lo Conte, Fabrizio</subfield>
    <subfield code="g">147260</subfield>
    <subfield code="0">242732</subfield>
  </datafield>
  <datafield tag="700" ind1=" " ind2=" ">
    <subfield code="a">Barras, Thierry</subfield>
  </datafield>
  <datafield tag="909" ind1="C" ind2="0">
    <subfield code="p">TTO</subfield>
    <subfield code="0">252085</subfield>
    <subfield code="x">U10021</subfield>
  </datafield>
  <datafield tag="909" ind1="C" ind2="0">
    <subfield code="p">ELAB</subfield>
    <subfield code="0">252315</subfield>
    <subfield code="x">U11978</subfield>
  </datafield>
  <datafield tag="909" ind1="C" ind2="O">
    <subfield code="o">oai:infoscience.tind.io:228120</subfield>
    <subfield code="p">STI</subfield>
  </datafield>
  <datafield tag="917" ind1="Z" ind2="8">
    <subfield code="x">105540</subfield>
  </datafield>
  <datafield tag="937" ind1=" " ind2=" ">
    <subfield code="a">EPFL-PATENT-228120</subfield>
  </datafield>
  <datafield tag="973" ind1=" " ind2=" ">
    <subfield code="a">EPFL</subfield>
  </datafield>
  <datafield tag="980" ind1=" " ind2=" ">
    <subfield code="a">PATENT</subfield>
  </datafield>
</record>