
<record>
  <controlfield tag="001">228111</controlfield>
  <controlfield tag="005">20190507143831.0</controlfield>
  <datafield tag="013" ind1=" " ind2=" ">
    <subfield code="a">WO2016096054</subfield>
    <subfield code="c">A1</subfield>
    <subfield code="b">WO</subfield>
    <subfield code="d">20160623</subfield>
  </datafield>
  <datafield tag="024" ind1="7" ind2="0">
    <subfield code="a">52347294</subfield>
    <subfield code="2">EPO Family ID</subfield>
  </datafield>
  <datafield tag="024" ind1="7" ind2="0">
    <subfield code="a">6.1452</subfield>
    <subfield code="2">TTO</subfield>
  </datafield>
  <datafield tag="037" ind1=" " ind2=" ">
    <subfield code="a">PATENT</subfield>
  </datafield>
  <datafield tag="245" ind1=" " ind2=" ">
    <subfield code="a">Method and device for mixing two streams of droplets</subfield>
  </datafield>
  <datafield tag="260" ind1=" " ind2=" ">
    <subfield code="c">2016</subfield>
  </datafield>
  <datafield tag="269" ind1=" " ind2=" ">
    <subfield code="a">2016</subfield>
  </datafield>
  <datafield tag="336" ind1=" " ind2=" ">
    <subfield code="a">Patents</subfield>
  </datafield>
  <datafield tag="520" ind1=" " ind2=" ">
    <subfield code="a">The invention relates to a method for mixing a first stream of droplets (1) with at least one second stream of droplets (2) to obtain a third stream of fused droplets (3), by collision and fusion of at least one droplet of the first stream (1) with at least one droplet of the second stream (2). The first stream of droplets (1) and the at least one second stream of droplets (2) are generated in a synchronized manner. The invention also relates to a device for generating and mixing a first stream of droplets (1) and at least one second stream of droplets (2) to obtain a third stream of fused droplets (3), to a droplet, a plurality of droplets, or to a two-dimensional or three-dimensional scaffold generated by this method. Through the described method and device, it is possible to exploit the soformed fused droplets for several different applications such as 3D patterning (a), high throughput screening (b) and combinatorial studies (c).</subfield>
  </datafield>
  <datafield tag="700" ind1=" " ind2=" ">
    <subfield code="a">Lutolf, Matthias</subfield>
    <subfield code="0">244264</subfield>
    <subfield code="g">106911</subfield>
  </datafield>
  <datafield tag="700" ind1=" " ind2=" ">
    <subfield code="a">Negro, Andrea</subfield>
  </datafield>
  <datafield tag="700" ind1=" " ind2=" ">
    <subfield code="a">Tabata, Yoji</subfield>
  </datafield>
  <datafield tag="909" ind1="C" ind2="0">
    <subfield code="p">TTO</subfield>
    <subfield code="0">252085</subfield>
    <subfield code="x">U10021</subfield>
  </datafield>
  <datafield tag="937" ind1=" " ind2=" ">
    <subfield code="a">EPFL-PATENT-228111</subfield>
  </datafield>
  <datafield tag="973" ind1=" " ind2=" ">
    <subfield code="a">EPFL</subfield>
  </datafield>
  <datafield tag="980" ind1=" " ind2=" ">
    <subfield code="a">PATENT</subfield>
  </datafield>
</record>