
<record>
  <controlfield tag="001">223659</controlfield>
  <controlfield tag="005">20190317000607.0</controlfield>
  <datafield tag="013" ind1=" " ind2=" ">
    <subfield code="a">US7249291</subfield>
    <subfield code="b">US</subfield>
  </datafield>
  <datafield tag="037" ind1=" " ind2=" ">
    <subfield code="a">PATENT</subfield>
  </datafield>
  <datafield tag="245" ind1=" " ind2=" ">
    <subfield code="a">System and method for reliably communicating the content of a live data stream</subfield>
  </datafield>
  <datafield tag="260" ind1=" " ind2=" ">
    <subfield code="c">2007</subfield>
  </datafield>
  <datafield tag="269" ind1=" " ind2=" ">
    <subfield code="a">2007</subfield>
  </datafield>
  <datafield tag="336" ind1=" " ind2=" ">
    <subfield code="a">Patents</subfield>
  </datafield>
  <datafield tag="520" ind1=" " ind2=" ">
    <subfield code="a">A method for communicating the content of a live data stream to a receiver using a plurality of channels comprising two encoder channels used to encode the live data content prior to transmission. Initially a plurality of segments of a live data stream are received, wherein each segment contains segment data. A forward error correction algorithm is applied to each segment's data, thereby producing FEC-encoded segment data. The FEC-encoded segment data is contained within an FEC-encoded block, resulting in a corresponding plurality of FEC-encoded blocks being generated. Each FEC-encoded block is copied to a sub-channel on both a first encoder channel and a second encoder channel, resulting in a plurality of FEC-encoder blocks residing on the first and second encoder channels. The first and second encoder channels differ in the number of sub-channels they contain (interleaving depth), and accordingly the arrangement of the FEC-encoded blocks in the first and second encoder channels are different. A first cross-section of the FEC-encoded segment data contained within the FEC-encoded blocks resident in the first encoder channel is added to a first transmit block T.sub.0. Similarly, A first cross-section of the FEC-encoded segment data contained within the FEC-encoded blocks resident in the second encoder channel is added to a second transmit block T.sub.1. The first and second transmit blocks are then communicated to the receiver.</subfield>
  </datafield>
  <datafield tag="653" ind1="1" ind2=" ">
    <subfield code="a">algoweb_pat_fountain</subfield>
  </datafield>
  <datafield tag="653" ind1="1" ind2=" ">
    <subfield code="a">Fountain codes</subfield>
  </datafield>
  <datafield tag="653" ind1="1" ind2=" ">
    <subfield code="a">Raptor codes</subfield>
  </datafield>
  <datafield tag="653" ind1="1" ind2=" ">
    <subfield code="a">Online streaming</subfield>
  </datafield>
  <datafield tag="700" ind1=" " ind2=" ">
    <subfield code="a">Shokrollahi, Amin</subfield>
    <subfield code="g">156849</subfield>
    <subfield code="0">241952</subfield>
  </datafield>
  <datafield tag="856" ind1="4" ind2=" ">
    <subfield code="z">URL</subfield>
    <subfield code="u">http://patft.uspto.gov/netacgi/nph-Parser?Sect1=PTO2&amp;Sect2=HITOFF&amp;p=1&amp;u=%2Fnetahtml%2FPTO%2Fsearch-bool.html&amp;r=1&amp;f=G&amp;l=50&amp;co1=AND&amp;d=PTXT&amp;s1=%227249291%22.PN.&amp;OS=PN/</subfield>
  </datafield>
  <datafield tag="909" ind1="C" ind2="0">
    <subfield code="p">ALGO</subfield>
    <subfield code="0">252198</subfield>
    <subfield code="x">U10735</subfield>
  </datafield>
  <datafield tag="909" ind1="C" ind2="O">
    <subfield code="o">oai:infoscience.tind.io:223659</subfield>
    <subfield code="p">IC</subfield>
    <subfield code="q">GLOBAL_SET</subfield>
  </datafield>
  <datafield tag="917" ind1="Z" ind2="8">
    <subfield code="x">276415</subfield>
  </datafield>
  <datafield tag="937" ind1=" " ind2=" ">
    <subfield code="a">EPFL-PATENT-223659</subfield>
  </datafield>
  <datafield tag="973" ind1=" " ind2=" ">
    <subfield code="a">EPFL</subfield>
  </datafield>
  <datafield tag="980" ind1=" " ind2=" ">
    <subfield code="a">PATENT</subfield>
  </datafield>
</record>