
<record>
  <controlfield tag="001">219970</controlfield>
  <controlfield tag="005">20190317000504.0</controlfield>
  <datafield tag="013" ind1=" " ind2=" ">
    <subfield code="a">US9508854</subfield>
    <subfield code="c">B2</subfield>
    <subfield code="b">US</subfield>
    <subfield code="d">20161129</subfield>
  </datafield>
  <datafield tag="013" ind1=" " ind2=" ">
    <subfield code="a">US2015179800</subfield>
    <subfield code="c">A1</subfield>
    <subfield code="b">US</subfield>
    <subfield code="d">20150625</subfield>
  </datafield>
  <datafield tag="024" ind1="7" ind2="0">
    <subfield code="a">53400994</subfield>
    <subfield code="2">EPO Family ID</subfield>
  </datafield>
  <datafield tag="037" ind1=" " ind2=" ">
    <subfield code="a">PATENT</subfield>
  </datafield>
  <datafield tag="245" ind1=" " ind2=" ">
    <subfield code="a">Single field effect transistor capacitor-less memory device and method of operating the same</subfield>
  </datafield>
  <datafield tag="260" ind1=" " ind2=" ">
    <subfield code="c">2016</subfield>
    <subfield code="b">Technology Transfer Office EPFL</subfield>
  </datafield>
  <datafield tag="269" ind1=" " ind2=" ">
    <subfield code="a">2016</subfield>
  </datafield>
  <datafield tag="336" ind1=" " ind2=" ">
    <subfield code="a">Patents</subfield>
  </datafield>
  <datafield tag="520" ind1=" " ind2=" ">
    <subfield code="a">A single field effect transistor capacitor-less memory device, and method of operating the same, including a drain region, a source region, an intrinsic channel region between the drain region and the source region forming the single field effect transistor and a base. The device further includes a fin structure comprising the source region, the intrinsic channel and the drain region, the fin structure extending outwardly from the base, and a double gate comprising a first gate connected to a first exposed lateral face of the intrinsic channel region for transistor control, and a second gate connected to a second exposed lateral face of the intrinsic channel region to generate a potential well for storing mobile charge carriers permitting memory operation, the first gate and the second gate being asymmetric for asymmetric electrostatic control of the device.</subfield>
  </datafield>
  <datafield tag="653" ind1="1" ind2=" ">
    <subfield code="a">Tunnel FET</subfield>
  </datafield>
  <datafield tag="653" ind1="1" ind2=" ">
    <subfield code="a">capacitorless DRAM</subfield>
  </datafield>
  <datafield tag="700" ind1=" " ind2=" ">
    <subfield code="a">Biswas, Arnab</subfield>
    <subfield code="g">198278</subfield>
    <subfield code="0">244769</subfield>
  </datafield>
  <datafield tag="700" ind1=" " ind2=" ">
    <subfield code="a">Dagtekin, Nilay</subfield>
  </datafield>
  <datafield tag="700" ind1=" " ind2=" ">
    <subfield code="a">Ionescu, Mihai Adrian</subfield>
    <subfield code="g">122431</subfield>
    <subfield code="0">241430</subfield>
  </datafield>
  <datafield tag="856" ind1="4" ind2=" ">
    <subfield code="z">URL</subfield>
    <subfield code="u">https://worldwide.espacenet.com/publicationDetails/biblio?CC=US&amp;NR=9508854B2&amp;KC=B2&amp;FT=D</subfield>
  </datafield>
  <datafield tag="909" ind1="C" ind2="0">
    <subfield code="p">NANOLAB</subfield>
    <subfield code="0">252177</subfield>
    <subfield code="x">U10328</subfield>
  </datafield>
  <datafield tag="909" ind1="C" ind2="O">
    <subfield code="o">oai:infoscience.tind.io:219970</subfield>
    <subfield code="p">STI</subfield>
    <subfield code="q">GLOBAL_SET</subfield>
  </datafield>
  <datafield tag="917" ind1="Z" ind2="8">
    <subfield code="x">198278</subfield>
  </datafield>
  <datafield tag="917" ind1="Z" ind2="8">
    <subfield code="x">198278</subfield>
  </datafield>
  <datafield tag="937" ind1=" " ind2=" ">
    <subfield code="a">EPFL-PATENT-219970</subfield>
  </datafield>
  <datafield tag="973" ind1=" " ind2=" ">
    <subfield code="a">EPFL</subfield>
  </datafield>
  <datafield tag="980" ind1=" " ind2=" ">
    <subfield code="a">PATENT</subfield>
  </datafield>
</record>