
<record>
  <controlfield tag="001">215090</controlfield>
  <controlfield tag="005">20190317000354.0</controlfield>
  <datafield tag="013" ind1=" " ind2=" ">
    <subfield code="a">EP2108904</subfield>
    <subfield code="c">A1</subfield>
    <subfield code="b">EP</subfield>
    <subfield code="d">20091014</subfield>
  </datafield>
  <datafield tag="024" ind1="7" ind2="0">
    <subfield code="a">39745600</subfield>
    <subfield code="2">EPO Family ID</subfield>
  </datafield>
  <datafield tag="037" ind1=" " ind2=" ">
    <subfield code="a">PATENT</subfield>
  </datafield>
  <datafield tag="245" ind1=" " ind2=" ">
    <subfield code="a">A magnetocaloric device, especially a magnetic refrigerator, a heat pump or a power generator</subfield>
  </datafield>
  <datafield tag="260" ind1=" " ind2=" ">
    <subfield code="c">2008</subfield>
    <subfield code="b">Office Roland Nithardt</subfield>
  </datafield>
  <datafield tag="269" ind1=" " ind2=" ">
    <subfield code="a">2008</subfield>
  </datafield>
  <datafield tag="300" ind1=" " ind2=" ">
    <subfield code="a">54</subfield>
  </datafield>
  <datafield tag="336" ind1=" " ind2=" ">
    <subfield code="a">Patents</subfield>
  </datafield>
  <datafield tag="520" ind1=" " ind2=" ">
    <subfield code="a">The invention concerns a magnetocaloric device, especially a magnetic refrigerator, a heat pump or a magnetic power conversion machine comprising at least a permanent magnet assembly (4, 11) for generating magnetic flux, a rotating ring (2) coaxially disposed to the permanent magnet assembly, a structure containing magnetocaloric material mounted inside the rotating ring (2) and means for conducting a working fluid through the rotating ring (2). The permanent magnet assembly (4, 11) comprises a set of permanent magnets and at least one insert of highly permeable material (1, 9) attached to the magnet assembly (4, 11) adapted for creating high magnetic flux densities around and inside of the rotating ring (2).</subfield>
  </datafield>
  <datafield tag="653" ind1="1" ind2=" ">
    <subfield code="a">magnetocaloric material</subfield>
  </datafield>
  <datafield tag="653" ind1="1" ind2=" ">
    <subfield code="a">magnetic refrigeration</subfield>
  </datafield>
  <datafield tag="653" ind1="1" ind2=" ">
    <subfield code="a">magnetic heat pump</subfield>
  </datafield>
  <datafield tag="653" ind1="1" ind2=" ">
    <subfield code="a">magnetic power generator</subfield>
  </datafield>
  <datafield tag="700" ind1=" " ind2=" ">
    <subfield code="a">Kitanovski, Andrej</subfield>
  </datafield>
  <datafield tag="700" ind1=" " ind2=" ">
    <subfield code="a">Vuarnoz, Didier</subfield>
    <subfield code="g">263084</subfield>
    <subfield code="0">249234</subfield>
  </datafield>
  <datafield tag="700" ind1=" " ind2=" ">
    <subfield code="a">Egolf, Peter</subfield>
  </datafield>
  <datafield tag="856" ind1="4" ind2=" ">
    <subfield code="y">n/a</subfield>
    <subfield code="s">51517</subfield>
    <subfield code="z">n/a</subfield>
    <subfield code="u">http://infoscience.epfl.ch/record/215090/files/Patent%20MC%20device.pdf</subfield>
  </datafield>
  <datafield tag="909" ind1="C" ind2="0">
    <subfield code="p">BUILD</subfield>
    <subfield code="0">252539</subfield>
    <subfield code="x">U12957</subfield>
  </datafield>
  <datafield tag="909" ind1="C" ind2="O">
    <subfield code="o">oai:infoscience.tind.io:215090</subfield>
    <subfield code="p">ENAC</subfield>
    <subfield code="q">GLOBAL_SET</subfield>
  </datafield>
  <datafield tag="917" ind1="Z" ind2="8">
    <subfield code="x">263084</subfield>
  </datafield>
  <datafield tag="917" ind1="Z" ind2="8">
    <subfield code="x">263084</subfield>
  </datafield>
  <datafield tag="937" ind1=" " ind2=" ">
    <subfield code="a">EPFL-PATENT-215090</subfield>
  </datafield>
  <datafield tag="973" ind1=" " ind2=" ">
    <subfield code="a">OTHER</subfield>
  </datafield>
  <datafield tag="980" ind1=" " ind2=" ">
    <subfield code="a">PATENT</subfield>
  </datafield>
</record>