
<record>
  <controlfield tag="001">211593</controlfield>
  <controlfield tag="005">20180913063320.0</controlfield>
  <datafield tag="013" ind1=" " ind2=" ">
    <subfield code="a">WO2008145172</subfield>
    <subfield code="c">A1</subfield>
    <subfield code="b">WO</subfield>
    <subfield code="d">20081204</subfield>
  </datafield>
  <datafield tag="024" ind1="7" ind2="0">
    <subfield code="a">6.0727</subfield>
    <subfield code="2">TTO</subfield>
  </datafield>
  <datafield tag="024" ind1="7" ind2="0">
    <subfield code="a">39047758</subfield>
    <subfield code="2">EPO Family ID</subfield>
  </datafield>
  <datafield tag="037" ind1=" " ind2=" ">
    <subfield code="a">PATENT</subfield>
  </datafield>
  <datafield tag="245" ind1=" " ind2=" ">
    <subfield code="a">Tri-tert-butylcarboxyphthalocyanines, uses thereof and a process for their preparation</subfield>
  </datafield>
  <datafield tag="260" ind1=" " ind2=" ">
    <subfield code="c">2008</subfield>
  </datafield>
  <datafield tag="269" ind1=" " ind2=" ">
    <subfield code="a">2008</subfield>
  </datafield>
  <datafield tag="336" ind1=" " ind2=" ">
    <subfield code="a">Patents</subfield>
  </datafield>
  <datafield tag="520" ind1=" " ind2=" ">
    <subfield code="a">Substituted carboxyphthalocyanines (I), wherein both the tert-butyl and carboxyl groups located in the four isoindole rings are located independently in any of the four positions of the corresponding benzene ring of each isoindole ring, its regioisomers and mixtures thereof, can be used in the manufacture of organic and hybrid solar cells or as a photoactive dyes for molecular photovoltaic devices.</subfield>
  </datafield>
  <datafield tag="700" ind1=" " ind2=" ">
    <subfield code="a">Torres, Cebada</subfield>
  </datafield>
  <datafield tag="700" ind1=" " ind2=" ">
    <subfield code="a">Cid, Martin</subfield>
  </datafield>
  <datafield tag="700" ind1=" " ind2=" ">
    <subfield code="a">Khaja, Nazeerudin</subfield>
    <subfield code="g">105958</subfield>
    <subfield code="0">240422</subfield>
  </datafield>
  <datafield tag="700" ind1=" " ind2=" ">
    <subfield code="a">Ho, Yum</subfield>
    <subfield code="g">171703</subfield>
    <subfield code="0">244211</subfield>
  </datafield>
  <datafield tag="700" ind1=" " ind2=" ">
    <subfield code="a">Graetzel, Michael</subfield>
    <subfield code="g">105292</subfield>
    <subfield code="0">240191</subfield>
  </datafield>
  <datafield tag="700" ind1=" " ind2=" ">
    <subfield code="a">Palomares, Emilio</subfield>
  </datafield>
  <datafield tag="909" ind1="C" ind2="0">
    <subfield code="p">LPI</subfield>
    <subfield code="0">252060</subfield>
    <subfield code="x">U10101</subfield>
  </datafield>
  <datafield tag="909" ind1="C" ind2="0">
    <subfield code="p">TTO</subfield>
    <subfield code="0">252085</subfield>
    <subfield code="x">U10021</subfield>
  </datafield>
  <datafield tag="909" ind1="C" ind2="O">
    <subfield code="o">oai:infoscience.tind.io:211593</subfield>
    <subfield code="p">SB</subfield>
  </datafield>
  <datafield tag="917" ind1="Z" ind2="8">
    <subfield code="x">105528</subfield>
  </datafield>
  <datafield tag="937" ind1=" " ind2=" ">
    <subfield code="a">EPFL-PATENT-211593</subfield>
  </datafield>
  <datafield tag="973" ind1=" " ind2=" ">
    <subfield code="a">EPFL</subfield>
  </datafield>
  <datafield tag="980" ind1=" " ind2=" ">
    <subfield code="a">PATENT</subfield>
  </datafield>
</record>