
<record>
  <controlfield tag="001">211223</controlfield>
  <controlfield tag="005">20180913063309.0</controlfield>
  <datafield tag="013" ind1=" " ind2=" ">
    <subfield code="a">US2006219402</subfield>
    <subfield code="c">A1</subfield>
    <subfield code="b">US</subfield>
    <subfield code="d">20061005</subfield>
  </datafield>
  <datafield tag="024" ind1="7" ind2="0">
    <subfield code="a">37068935</subfield>
    <subfield code="2">EPO Family ID</subfield>
  </datafield>
  <datafield tag="037" ind1=" " ind2=" ">
    <subfield code="a">PATENT</subfield>
  </datafield>
  <datafield tag="245" ind1=" " ind2=" ">
    <subfield code="a">Hydraulic fracturing</subfield>
  </datafield>
  <datafield tag="260" ind1=" " ind2=" ">
    <subfield code="c">2006</subfield>
  </datafield>
  <datafield tag="269" ind1=" " ind2=" ">
    <subfield code="a">2006</subfield>
  </datafield>
  <datafield tag="336" ind1=" " ind2=" ">
    <subfield code="a">Patents</subfield>
  </datafield>
  <datafield tag="520" ind1=" " ind2=" ">
    <subfield code="a">Method and apparatus for monitoring growth of fracture during hydraulic fracturing treatment of a ground formation. A series of tiltmeters are positioned at spaced apart tiltmeter stations at which tilt changes due to hydraulic fracturing treatment are measurable by those tiltmeters. Tilt measurements obtained from the tiltmeters at progressive times during the fracture treatment are compared with estimated tilt changes estimated from an assumed hydraulic fracturing propagation. Useful values for initially undetermined values of parameters of the model are derived using an inverse procedure. The data analysis may be performed in real time as the hydraulic treatment progresses using differing propagation models to determine a most probable model.</subfield>
  </datafield>
  <datafield tag="700" ind1=" " ind2=" ">
    <subfield code="a">Lecampion, Brice</subfield>
    <subfield code="g">258069</subfield>
    <subfield code="0">249164</subfield>
  </datafield>
  <datafield tag="909" ind1="C" ind2="0">
    <subfield code="p">GEL</subfield>
    <subfield code="0">252543</subfield>
    <subfield code="x">U13064</subfield>
  </datafield>
  <datafield tag="909" ind1="C" ind2="O">
    <subfield code="o">oai:infoscience.tind.io:211223</subfield>
    <subfield code="p">ENAC</subfield>
  </datafield>
  <datafield tag="917" ind1="Z" ind2="8">
    <subfield code="x">173008</subfield>
  </datafield>
  <datafield tag="937" ind1=" " ind2=" ">
    <subfield code="a">EPFL-PATENT-211223</subfield>
  </datafield>
  <datafield tag="973" ind1=" " ind2=" ">
    <subfield code="a">OTHER</subfield>
  </datafield>
  <datafield tag="980" ind1=" " ind2=" ">
    <subfield code="a">PATENT</subfield>
  </datafield>
</record>