
<record>
  <controlfield tag="001">118533</controlfield>
  <controlfield tag="005">20190111220556.0</controlfield>
  <datafield tag="013" ind1=" " ind2=" ">
    <subfield code="a">US7190388</subfield>
    <subfield code="c">B2</subfield>
    <subfield code="b">US</subfield>
    <subfield code="d">20070313</subfield>
  </datafield>
  <datafield tag="013" ind1=" " ind2=" ">
    <subfield code="a">US2004068736</subfield>
    <subfield code="c">A1</subfield>
    <subfield code="b">US</subfield>
    <subfield code="d">20040408</subfield>
  </datafield>
  <datafield tag="013" ind1=" " ind2=" ">
    <subfield code="a">FR2811501</subfield>
    <subfield code="c">B1</subfield>
    <subfield code="b">FR</subfield>
    <subfield code="d">20030613</subfield>
  </datafield>
  <datafield tag="013" ind1=" " ind2=" ">
    <subfield code="a">EP1297699</subfield>
    <subfield code="c">A1</subfield>
    <subfield code="b">EP</subfield>
    <subfield code="d">20030402</subfield>
  </datafield>
  <datafield tag="013" ind1=" " ind2=" ">
    <subfield code="a">FR2811501</subfield>
    <subfield code="c">A1</subfield>
    <subfield code="b">FR</subfield>
    <subfield code="d">20020111</subfield>
  </datafield>
  <datafield tag="013" ind1=" " ind2=" ">
    <subfield code="a">WO0203692</subfield>
    <subfield code="c">A1</subfield>
    <subfield code="b">WO</subfield>
    <subfield code="d">20020110</subfield>
  </datafield>
  <datafield tag="024" ind1="7" ind2="0">
    <subfield code="a">8852083</subfield>
    <subfield code="2">EPO Family ID</subfield>
  </datafield>
  <datafield tag="037" ind1=" " ind2=" ">
    <subfield code="a">PATENT</subfield>
  </datafield>
  <datafield tag="245" ind1=" " ind2=" ">
    <subfield code="a">Interactive multimedia user friendly video conference system having sound/vision collectors around horizontal circular screen with local/distant users interacting through screen</subfield>
  </datafield>
  <datafield tag="260" ind1=" " ind2=" ">
    <subfield code="c">2002</subfield>
  </datafield>
  <datafield tag="269" ind1=" " ind2=" ">
    <subfield code="a">2002</subfield>
  </datafield>
  <datafield tag="336" ind1=" " ind2=" ">
    <subfield code="a">Patents</subfield>
  </datafield>

  <datafield tag="700" ind1=" " ind2=" ">
    <subfield code="a">Beaudouin-Lafon, Michel</subfield>
  </datafield>
  <datafield tag="700" ind1=" " ind2=" ">
    <subfield code="a">Roussel, Nicolas</subfield>
  </datafield>
  <datafield tag="700" ind1=" " ind2=" ">
    <subfield code="a">Martin, Jacques</subfield>
  </datafield>
  <datafield tag="700" ind1=" " ind2=" ">
    <subfield code="a">Gascuel, Jean-Dominique</subfield>
  </datafield>
  <datafield tag="700" ind1=" " ind2=" ">
    <subfield code="a">Buchner, Georges</subfield>
  </datafield>
  <datafield tag="700" ind1=" " ind2=" ">
    <subfield code="a">Lissek, Hervé</subfield>
    <subfield code="g">157878</subfield>
    <subfield code="0">242771</subfield>
  </datafield>
  <datafield tag="909" ind1="C" ind2="0">
    <subfield code="p">LEMA</subfield>
    <subfield code="0">252091</subfield>
    <subfield code="x">U10374</subfield>
  </datafield>
  <datafield tag="937" ind1=" " ind2=" ">
    <subfield code="a">LEMA-PATENT-2008-001</subfield>
  </datafield>
  <datafield tag="973" ind1=" " ind2=" ">
    <subfield code="a">OTHER</subfield>
    <subfield code="s">PUBLISHED</subfield>
  </datafield>
  <datafield tag="980" ind1=" " ind2=" ">
    <subfield code="a">PATENT</subfield>
  </datafield>
</record>