
<record>
  <controlfield tag="001">105050</controlfield>
  <controlfield tag="005">20190316234015.0</controlfield>
  <datafield tag="013" ind1=" " ind2=" ">
    <subfield code="a">US2008059590</subfield>
    <subfield code="c">A1</subfield>
    <subfield code="b">US</subfield>
    <subfield code="d">20080306</subfield>
  </datafield>
  <datafield tag="024" ind1="7" ind2="0">
    <subfield code="a">39153321</subfield>
    <subfield code="2">EPO Family ID</subfield>
  </datafield>
  <datafield tag="024" ind1="7" ind2="0">
    <subfield code="a">6.0670</subfield>
    <subfield code="2">TTO</subfield>
  </datafield>
  <datafield tag="037" ind1=" " ind2=" ">
    <subfield code="a">PATENT</subfield>
  </datafield>
  <datafield tag="245" ind1=" " ind2=" ">
    <subfield code="a">Method to Filter Electronic Messages in A Message Processing System</subfield>
  </datafield>
  <datafield tag="260" ind1=" " ind2=" ">
    <subfield code="c">2006</subfield>
  </datafield>
  <datafield tag="269" ind1=" " ind2=" ">
    <subfield code="a">2006</subfield>
  </datafield>
  <datafield tag="336" ind1=" " ind2=" ">
    <subfield code="a">Patents</subfield>
  </datafield>
  <datafield tag="500" ind1=" " ind2=" ">
    <subfield code="a">Filed on September 5, 2006, as as a regular US patent application and assigned Serial No 11/515,063. Published on March 3, 2008, with number US 2008/0059590 A1.</subfield>
  </datafield>
  <datafield tag="520" ind1=" " ind2=" ">
    <subfield code="a">The present invention proposes a method to filter electronic messages in a message processing system, this message processing system comprising a temporary memory for storing the received messages intended to users, a first database dedicated to a specific recipient, and a second database dedicated to a group of recipients, this method comprising the steps of: a) receiving an electronic message and storing it into the temporary memory, b) generating a plurality of proportional signatures of said message, each signature being generated from predefined length of the message content at random location, c) comparing with a first similarity threshold the generated signatures with the signatures present in the first database related to the message's recipient, and eliminating the generated signatures that are within the first similarity threshold of the first database's signatures, thus forming a set of suspicious signatures, d) comparing with a second predefined similarity threshold the suspicious signatures with activated signatures present in the second database, and flagging the message as spam if at least one of the suspicious signatures is within the second predefined similarity threshold of the second database's activated signatures, e); allowing a user to access the message, and moving said message from the temporary memory into a recipient's memory, f) if the message is accepted by the user, storing the generated signatures related to this message into the first database related to this recipient, g) if the message is declared spam by the user, using the suspicious signatures of said message in the second database for, either, if no similar signature exists, creating a non-activated signature into the second database with said signature or updating a previously stored signature that is within of a third similarity threshold of a suspicious signature by incrementing its first matching counter, and activating said previously stored signature if the matching counter is above a first counter threshold.</subfield>
  </datafield>
  <datafield tag="653" ind1="1" ind2=" ">
    <subfield code="a">antispam</subfield>
  </datafield>
  <datafield tag="653" ind1="1" ind2=" ">
    <subfield code="a">artificial immune system</subfield>
  </datafield>
  <datafield tag="700" ind1=" " ind2=" ">
    <subfield code="a">Sarafijanovic, Slavisa</subfield>
  </datafield>
  <datafield tag="700" ind1=" " ind2=" ">
    <subfield code="a">Le Boudec, Jean-Yves</subfield>
    <subfield code="g">105633</subfield>
    <subfield code="0">241098</subfield>
  </datafield>
  <datafield tag="856" ind1="4" ind2=" ">
    <subfield code="s">1167837</subfield>
    <subfield code="z">n/a</subfield>
    <subfield code="u">http://infoscience.epfl.ch/record/105050/files/SpamDetectionUsingSimilarityDigestsAndNegativeSelection-US_20080059590_A1-SarafijanovicAndLeBoudec.pdf</subfield>
  </datafield>
  <datafield tag="909" ind1="C" ind2="0">
    <subfield code="p">LCA</subfield>
    <subfield code="0">252614</subfield>
    <subfield code="x">US00024</subfield>
  </datafield>
  <datafield tag="909" ind1="C" ind2="0">
    <subfield code="p">TTO</subfield>
    <subfield code="0">252085</subfield>
    <subfield code="x">U10021</subfield>
  </datafield>
  <datafield tag="909" ind1="C" ind2="0">
    <subfield code="p">LCA2</subfield>
    <subfield code="0">252453</subfield>
    <subfield code="x">U10427</subfield>
  </datafield>
  <datafield tag="909" ind1="C" ind2="O">
    <subfield code="o">oai:infoscience.epfl.ch:105050</subfield>
    <subfield code="p">IC</subfield>
    <subfield code="q">GLOBAL_SET</subfield>
  </datafield>
  <datafield tag="917" ind1="Z" ind2="8">
    <subfield code="x">148230</subfield>
  </datafield>
  <datafield tag="937" ind1=" " ind2=" ">
    <subfield code="a">LCA-PATENT-2007-001</subfield>
  </datafield>
  <datafield tag="973" ind1=" " ind2=" ">
    <subfield code="a">EPFL</subfield>
    <subfield code="s">PUBLISHED</subfield>
  </datafield>
  <datafield tag="980" ind1=" " ind2=" ">
    <subfield code="a">PATENT</subfield>
  </datafield>
</record>