
<record>
  <controlfield tag="001">84225</controlfield>
  <controlfield tag="005">20180317095240.0</controlfield>
  <datafield tag="013" ind1=" " ind2=" ">
    <subfield code="a">76-2605991 2605991</subfield>
  </datafield>
  <datafield tag="037" ind1=" " ind2=" ">
    <subfield code="a">PATENT</subfield>
  </datafield>
  <datafield tag="245" ind1=" " ind2=" ">
    <subfield code="a">Increasing the selectivity in manufacturing ethylene oxide</subfield>
  </datafield>
  <datafield tag="260" ind1=" " ind2=" ">
    <subfield code="c">1977</subfield>
  </datafield>
  <datafield tag="269" ind1=" " ind2=" ">
    <subfield code="a">1977</subfield>
  </datafield>
  <datafield tag="336" ind1=" " ind2=" ">
    <subfield code="a">Patents</subfield>
  </datafield>
  <datafield tag="500" ind1=" " ind2=" ">
    <subfield code="a">CAN 87:167861 27-2 Heterocyclic Compounds (One Hetero Atom) Patent written in German. 19770825 74-85-1 Role: RCT (Reactant), RACT (Reactant or reagent) (oxidn. of, to ethylene oxide, selectivity increase in); 75-21-8P Role: SPN (Synthetic preparation), PREP (Preparation) (prepn. of, by ethylene oxidn., selectivity increase in)</subfield>
  </datafield>
  <datafield tag="520" ind1=" " ind2=" ">
    <subfield code="a">Ethylene oxide was prepd. by the oxidn. of C2H4 by O over a Ag catalyst under non-stationary conditions, with the amt. of C2H4 and/or O being varied periodically. Thus, with C2H4 being varied from 0 to 12 mole % for 20 h at 10% C2H4 conversion, an increase in selectivity of 30.7% for ethylene oxide (compared to stationary conditions) was achieved. [on SciFinder (R)]</subfield>
  </datafield>
  <datafield tag="653" ind1="1" ind2=" ">
    <subfield code="a">ethylene oxide</subfield>
  </datafield>
  <datafield tag="700" ind1=" " ind2=" ">
    <subfield code="a">Renken, Albert</subfield>
    <subfield code="g">106205</subfield>
    <subfield code="0">240078</subfield>
  </datafield>
  <datafield tag="700" ind1=" " ind2=" ">
    <subfield code="a">Wandrey, Christian</subfield>
  </datafield>
  <datafield tag="700" ind1=" " ind2=" ">
    <subfield code="a">Mueller, Manfred</subfield>
  </datafield>
  <datafield tag="909" ind1="C" ind2="0">
    <subfield code="p">LGRC</subfield>
    <subfield code="0">252033</subfield>
    <subfield code="x">U10178</subfield>
  </datafield>
  <datafield tag="937" ind1=" " ind2=" ">
    <subfield code="a">LGRC-PATENT-1977-002</subfield>
  </datafield>
  <datafield tag="970" ind1=" " ind2=" ">
    <subfield code="a">79/LGRC</subfield>
  </datafield>
  <datafield tag="973" ind1=" " ind2=" ">
    <subfield code="a">EPFL</subfield>
    <subfield code="s">PUBLISHED</subfield>
  </datafield>
  <datafield tag="980" ind1=" " ind2=" ">
    <subfield code="a">PATENT</subfield>
  </datafield>
</record>