
<record>
  <controlfield tag="001">81375</controlfield>
  <controlfield tag="005">20180317092944.0</controlfield>
  <datafield tag="013" ind1=" " ind2=" ">
    <subfield code="a">2003-EP10889 2004031405</subfield>
  </datafield>
  <datafield tag="037" ind1=" " ind2=" ">
    <subfield code="a">PATENT</subfield>
  </datafield>
  <datafield tag="245" ind1=" " ind2=" ">
    <subfield code="a">Guanine derivatives as substrates for O6-alkylguanine-DNA alkyltransferase and their use in labeling the enzyme and fusion proteins</subfield>
  </datafield>
  <datafield tag="260" ind1=" " ind2=" ">
    <subfield code="c">2004</subfield>
    <subfield code="b">(Ecole Polytechnique Federale de Lausanne (EPFL), Switz.).</subfield>
  </datafield>
  <datafield tag="269" ind1=" " ind2=" ">
    <subfield code="a">2004</subfield>
  </datafield>
  <datafield tag="336" ind1=" " ind2=" ">
    <subfield code="a">Patents</subfield>
  </datafield>
  <datafield tag="520" ind1=" " ind2=" ">
    <subfield code="a">O6-substituted guanine derivs. are described for use as substrates for O6-alkylguanine-DNA alkyltransferases (AGT) that can be used to label the enzyme or fusion proteins contg. it. Proteins of interest are incorporated into an AGT fusion protein, the AGT fusion protein is contacted with particular AGT substrates carrying a label, and the AGT fusion protein is detected and optionally further manipulated using the label in a system designed for recognizing and/or handling the label. The particular AGT substrates used in the method of the invention are O6-substituted guanine derivs. or related nitrogen contg. hydroxy-heterocycles and their sulfur analogs wherein the O6-substituent is an activated Me deriv. suitable for transfer from guanine or the corresponding heterocycle to AGT, and further carrying a label or a plurality of same or different labels. The invention relates also to the novel AGT substrates as such, to methods of manuf. of such novel substrates, and to intermediates useful in the synthesis of such novel AGT substrates. [on SciFinder (R)]</subfield>
  </datafield>
  <datafield tag="700" ind1=" " ind2=" ">
    <subfield code="a">Kindermann, Maik</subfield>
    <subfield code="g">148617</subfield>
    <subfield code="0">241538</subfield>
  </datafield>
  <datafield tag="700" ind1=" " ind2=" ">
    <subfield code="a">Johnsson, Kai</subfield>
    <subfield code="g">123155</subfield>
    <subfield code="0">240057</subfield>
  </datafield>
  <datafield tag="700" ind1=" " ind2=" ">
    <subfield code="a">Bieri, Christoph</subfield>
  </datafield>
  <datafield tag="909" ind1="C" ind2="O">
    <subfield code="o">oai:infoscience.tind.io:81375</subfield>
    <subfield code="p">SB</subfield>
  </datafield>
  <datafield tag="909" ind1="C" ind2="0">
    <subfield code="p">LIP</subfield>
    <subfield code="0">252027</subfield>
    <subfield code="x">U10102</subfield>
  </datafield>
  <datafield tag="937" ind1=" " ind2=" ">
    <subfield code="a">LIP-PATENT-2004-003</subfield>
  </datafield>
  <datafield tag="970" ind1=" " ind2=" ">
    <subfield code="a">60/LIP</subfield>
  </datafield>
  <datafield tag="973" ind1=" " ind2=" ">
    <subfield code="a">EPFL</subfield>
    <subfield code="s">PUBLISHED</subfield>
  </datafield>
  <datafield tag="980" ind1=" " ind2=" ">
    <subfield code="a">PATENT</subfield>
  </datafield>
</record>