
<record>
  <controlfield tag="001">81146</controlfield>
  <controlfield tag="005">20180317094222.0</controlfield>
  <datafield tag="013" ind1=" " ind2=" ">
    <subfield code="a">80-223799 153002</subfield>
  </datafield>
  <datafield tag="037" ind1=" " ind2=" ">
    <subfield code="a">PATENT</subfield>
  </datafield>
  <datafield tag="245" ind1=" " ind2=" ">
    <subfield code="a">Mordanting of filter dyes in photographic materials</subfield>
  </datafield>
  <datafield tag="260" ind1=" " ind2=" ">
    <subfield code="c">1981</subfield>
    <subfield code="b">(VEB Filmfabrik Wolfen, Fotochemisches Kombinat, Ger. Dem. Rep.).</subfield>
  </datafield>
  <datafield tag="269" ind1=" " ind2=" ">
    <subfield code="a">1981</subfield>
  </datafield>
  <datafield tag="336" ind1=" " ind2=" ">
    <subfield code="a">Patents</subfield>
  </datafield>
  <datafield tag="520" ind1=" " ind2=" ">
    <subfield code="a">Almost all conventional acid filter dyes can be rendered nondiffusing in emulsion or thin auxiliary layers, without lowering their phys.-mech. properties or interference with their bleachability or washing-out during processing by a small amt. of a mordant (I; R1,R2 = C1-4 alkyl; n = 300-600; and X- = anion). Added as storable 5-10% soln. they have a low water absorption and have little effect on the viscosity of gelatin coatings. Thus, 2 solns. were made both contg. gelatin 100 and a pentamethine dye 8, and as mordant soln. A an imide of maleic anhydride interpolymers of US 3,048,487 (CA 59; 7726b) 4 g, and soln. B I (R1,R2 = Me, n = 300, X = Cl-) 4.15 g. A Yielded a 2.3m filter layer having an optical d. of 1.09, and B one of 2.0m and 0.98, resp. The water absorption of the layers was 4.1 and 3.0 g H2O/m2, and the dye diffusion after 2 wet contacts with a layer of unhardened gelatin 43 and 2% (as optical d.), resp. [on SciFinder (R)]</subfield>
  </datafield>
  <datafield tag="700" ind1=" " ind2=" ">
    <subfield code="a">Meisel, Ulrich</subfield>
  </datafield>
  <datafield tag="700" ind1=" " ind2=" ">
    <subfield code="a">Plaschnick, Dieter</subfield>
  </datafield>
  <datafield tag="700" ind1=" " ind2=" ">
    <subfield code="a">Luu, Trong Hong</subfield>
  </datafield>
  <datafield tag="700" ind1=" " ind2=" ">
    <subfield code="a">Wandrey, Christine</subfield>
    <subfield code="g">112792</subfield>
    <subfield code="0">241193</subfield>
  </datafield>
  <datafield tag="700" ind1=" " ind2=" ">
    <subfield code="a">Bach, Guenter</subfield>
  </datafield>
  <datafield tag="700" ind1=" " ind2=" ">
    <subfield code="a">Jaeger, Werner</subfield>
  </datafield>
  <datafield tag="700" ind1=" " ind2=" ">
    <subfield code="a">Hahn, Mathias</subfield>
  </datafield>
  <datafield tag="700" ind1=" " ind2=" ">
    <subfield code="a">Seehaus, Friedhelm</subfield>
  </datafield>
  <datafield tag="700" ind1=" " ind2=" ">
    <subfield code="a">Linow, Karl Joachim</subfield>
  </datafield>
  <datafield tag="700" ind1=" " ind2=" ">
    <subfield code="a">Philipp, Burkart</subfield>
  </datafield>
  <datafield tag="909" ind1="C" ind2="0">
    <subfield code="p">LMRP</subfield>
    <subfield code="0">252196</subfield>
    <subfield code="x">U11032</subfield>
  </datafield>
  <datafield tag="937" ind1=" " ind2=" ">
    <subfield code="a">LMRP-PATENT-1981-002</subfield>
  </datafield>
  <datafield tag="970" ind1=" " ind2=" ">
    <subfield code="a">219/LMRP</subfield>
  </datafield>
  <datafield tag="973" ind1=" " ind2=" ">
    <subfield code="a">EPFL</subfield>
    <subfield code="s">PUBLISHED</subfield>
  </datafield>
  <datafield tag="980" ind1=" " ind2=" ">
    <subfield code="a">PATENT</subfield>
  </datafield>
</record>