
<record>
  <controlfield tag="001">256495</controlfield>
  <controlfield tag="005">20180913054531.0</controlfield>
  <datafield tag="013" ind1=" " ind2=" ">
    <subfield code="a">US9417326B2</subfield>
  </datafield>
  <datafield tag="037" ind1=" " ind2=" ">
    <subfield code="a">PATENT</subfield>
  </datafield>
  <datafield tag="245" ind1=" " ind2=" ">
    <subfield code="a">Pulsed light optical rangefinder</subfield>
  </datafield>
  <datafield tag="260" ind1=" " ind2=" ">
    <subfield code="c">2016-08-16</subfield>
  </datafield>
  <datafield tag="269" ind1=" " ind2=" ">
    <subfield code="a">2016-08-16</subfield>
  </datafield>
  <datafield tag="336" ind1=" " ind2=" ">
    <subfield code="a">Patents</subfield>
  </datafield>
  <datafield tag="700" ind1=" " ind2=" ">
    <subfield code="0">240420</subfield>
    <subfield code="a">Niclass, Cristiano</subfield>
  </datafield>
  <datafield tag="700" ind1=" " ind2=" ">
    <subfield code="0">240305</subfield>
    <subfield code="a">Charbon, Edoardo</subfield>
  </datafield>
  <datafield tag="700" ind1=" " ind2=" ">
    <subfield code="a">Soga, Minki</subfield>
  </datafield>
  <datafield tag="700" ind1=" " ind2=" ">
    <subfield code="a">Yanagihara, Hiromichi</subfield>
  </datafield>
  <datafield tag="856" ind1="0" ind2=" ">
    <subfield code="f">beatrice.marselli@epfl.ch</subfield>
  </datafield>
  <datafield tag="909" ind1="C" ind2="0">
    <subfield code="0">252106</subfield>
    <subfield code="p">AQUA</subfield>
    <subfield code="x">U12178</subfield>
  </datafield>
  <datafield tag="909" ind1="C" ind2="O">
    <subfield code="o">oai:infoscience.epfl.ch:256495</subfield>
    <subfield code="p">STI</subfield>
  </datafield>
  <datafield tag="960" ind1=" " ind2=" ">
    <subfield code="a">beatrice.marselli@epfl.ch</subfield>
  </datafield>
  <datafield tag="973" ind1=" " ind2=" ">
    <subfield code="a">EPFL</subfield>
  </datafield>
  <datafield tag="980" ind1=" " ind2=" ">
    <subfield code="a">PATENT</subfield>
  </datafield>
  <datafield tag="981" ind1=" " ind2=" ">
    <subfield code="a">overwrite</subfield>
  </datafield>
</record>