
<record>
  <controlfield tag="001">230158</controlfield>
  <controlfield tag="005">20180913064436.0</controlfield>
  <datafield tag="013" ind1=" " ind2=" ">
    <subfield code="a">WO2017085618</subfield>
    <subfield code="c">A1</subfield>
    <subfield code="b">WO</subfield>
    <subfield code="d">20170526</subfield>
  </datafield>
  <datafield tag="024" ind1="7" ind2="0">
    <subfield code="a">57583387</subfield>
    <subfield code="2">EPO Family ID</subfield>
  </datafield>
  <datafield tag="024" ind1="7" ind2="0">
    <subfield code="a">6.1560</subfield>
    <subfield code="2">TTO</subfield>
  </datafield>
  <datafield tag="037" ind1=" " ind2=" ">
    <subfield code="a">PATENT</subfield>
  </datafield>
  <datafield tag="245" ind1=" " ind2=" ">
    <subfield code="a">Superresolved synthetic aperture microscope</subfield>
  </datafield>
  <datafield tag="260" ind1=" " ind2=" ">
    <subfield code="c">2017</subfield>
  </datafield>
  <datafield tag="269" ind1=" " ind2=" ">
    <subfield code="a">2017</subfield>
  </datafield>
  <datafield tag="336" ind1=" " ind2=" ">
    <subfield code="a">Patents</subfield>
  </datafield>
  <datafield tag="520" ind1=" " ind2=" ">
    <subfield code="a">Optical system comprising a synthetic aperture generating unit; said synthetic aperture generating unit being adapted for generating several apertures, which are correlated by interference for improving contrast and/or resolution based on the interference pattern generated by said apertures. The invention also concerns a method for improving the contrast and/or resolution of an optical system comprising the generation of synthetic apertures.</subfield>
  </datafield>
  <datafield tag="700" ind1=" " ind2=" ">
    <subfield code="a">Lasser, Theo</subfield>
    <subfield code="g">120900</subfield>
    <subfield code="0">240555</subfield>
  </datafield>
  <datafield tag="700" ind1=" " ind2=" ">
    <subfield code="a">Szlag, Daniel</subfield>
  </datafield>
  <datafield tag="700" ind1=" " ind2=" ">
    <subfield code="a">Lukes, Tomas</subfield>
    <subfield code="g">251202</subfield>
    <subfield code="0">248886</subfield>
  </datafield>
  <datafield tag="700" ind1=" " ind2=" ">
    <subfield code="a">Descloux, Adrien</subfield>
    <subfield code="g">189486</subfield>
    <subfield code="0">249549</subfield>
  </datafield>
  <datafield tag="909" ind1="C" ind2="0">
    <subfield code="p">TTO</subfield>
    <subfield code="0">252085</subfield>
    <subfield code="x">U10021</subfield>
  </datafield>
  <datafield tag="909" ind1="C" ind2="0">
    <subfield code="p">LOB</subfield>
    <subfield code="0">252112</subfield>
    <subfield code="x">U10345</subfield>
  </datafield>
  <datafield tag="909" ind1="C" ind2="O">
    <subfield code="o">oai:infoscience.tind.io:230158</subfield>
    <subfield code="p">STI</subfield>
  </datafield>
  <datafield tag="917" ind1="Z" ind2="8">
    <subfield code="x">206670</subfield>
  </datafield>
  <datafield tag="937" ind1=" " ind2=" ">
    <subfield code="a">EPFL-PATENT-230158</subfield>
  </datafield>
  <datafield tag="973" ind1=" " ind2=" ">
    <subfield code="a">EPFL</subfield>
  </datafield>
  <datafield tag="980" ind1=" " ind2=" ">
    <subfield code="a">PATENT</subfield>
  </datafield>
</record>