
<record>
  <controlfield tag="001">228994</controlfield>
  <controlfield tag="005">20180913064356.0</controlfield>
  <datafield tag="013" ind1=" " ind2=" ">
    <subfield code="a">WO2013136259</subfield>
    <subfield code="c">A3</subfield>
    <subfield code="b">WO</subfield>
    <subfield code="d">20141030</subfield>
  </datafield>
  <datafield tag="013" ind1=" " ind2=" ">
    <subfield code="a">WO2013136259</subfield>
    <subfield code="c">A2</subfield>
    <subfield code="b">WO</subfield>
    <subfield code="d">20130919</subfield>
  </datafield>
  <datafield tag="024" ind1="7" ind2="0">
    <subfield code="a">48446412</subfield>
    <subfield code="2">EPO Family ID</subfield>
  </datafield>
  <datafield tag="024" ind1="7" ind2="0">
    <subfield code="a">6.1167</subfield>
    <subfield code="2">TTO</subfield>
  </datafield>
  <datafield tag="037" ind1=" " ind2=" ">
    <subfield code="a">PATENT</subfield>
  </datafield>
  <datafield tag="245" ind1=" " ind2=" ">
    <subfield code="a">Ultra-Low Power Multicore Architecture For Parallel Biomedical Signal Processing</subfield>
  </datafield>
  <datafield tag="260" ind1=" " ind2=" ">
    <subfield code="c">2014</subfield>
  </datafield>
  <datafield tag="269" ind1=" " ind2=" ">
    <subfield code="a">2014</subfield>
  </datafield>
  <datafield tag="336" ind1=" " ind2=" ">
    <subfield code="a">Patents</subfield>
  </datafield>
  <datafield tag="520" ind1=" " ind2=" ">
    <subfield code="a">A multi-core architecture with ultra-low power consumption is needed for a wide variety of applications, especially in the bio-medical domain. In this patent, an ultra-low power multi-core architecture is presented: it is composed of one or more cores, several (one or more] shared multi-banked instruction and data memories, and flexible crossbar interconnects. The interconnect includes a selective broadcasting mechanism, enabling coordinated multiple accesses to the shared memories, thus energy savings in the memory hierarchy and in the interconnects. The memory hierarchy enables power gating of the unused banks to lower leakage power. The core instruction set of the novel architecture has been customized to exploit the specific features of bio-signal events, as well as the highly parallel computation opportunities of bio-signal processing characteristics. In addition to near threshold computing, the proposed architecture also exploits other advanced low-power features, which lead to further energy savings. The architecture has a synchronization method and unit that allows power- efficient handling of data dependencies when code is parallelized across the multiple processing cores.</subfield>
  </datafield>
  <datafield tag="700" ind1=" " ind2=" ">
    <subfield code="a">Dogan, Ahmed Yasir</subfield>
    <subfield code="g">188169</subfield>
    <subfield code="0">242428</subfield>
  </datafield>
  <datafield tag="700" ind1=" " ind2=" ">
    <subfield code="a">Constantin, Jeremy</subfield>
  </datafield>
  <datafield tag="700" ind1=" " ind2=" ">
    <subfield code="a">Burg, Andreas</subfield>
    <subfield code="g">194090</subfield>
    <subfield code="0">245488</subfield>
  </datafield>
  <datafield tag="700" ind1=" " ind2=" ">
    <subfield code="a">Atienza Alonso, David</subfield>
    <subfield code="g">169199</subfield>
    <subfield code="0">240268</subfield>
  </datafield>
  <datafield tag="909" ind1="C" ind2="0">
    <subfield code="p">TTO</subfield>
    <subfield code="0">252085</subfield>
    <subfield code="x">U10021</subfield>
  </datafield>
  <datafield tag="909" ind1="C" ind2="0">
    <subfield code="p">ESL</subfield>
    <subfield code="0">252050</subfield>
    <subfield code="x">U11977</subfield>
  </datafield>
  <datafield tag="909" ind1="C" ind2="0">
    <subfield code="p">TCL</subfield>
    <subfield code="0">252398</subfield>
    <subfield code="x">U12395</subfield>
  </datafield>
  <datafield tag="909" ind1="C" ind2="O">
    <subfield code="o">oai:infoscience.tind.io:228994</subfield>
    <subfield code="p">STI</subfield>
  </datafield>
  <datafield tag="917" ind1="Z" ind2="8">
    <subfield code="x">194090</subfield>
  </datafield>
  <datafield tag="937" ind1=" " ind2=" ">
    <subfield code="a">EPFL-PATENT-228994</subfield>
  </datafield>
  <datafield tag="973" ind1=" " ind2=" ">
    <subfield code="a">EPFL</subfield>
  </datafield>
  <datafield tag="980" ind1=" " ind2=" ">
    <subfield code="a">PATENT</subfield>
  </datafield>
</record>