
<record>
  <controlfield tag="001">228354</controlfield>
  <controlfield tag="005">20180913064332.0</controlfield>
  <datafield tag="013" ind1=" " ind2=" ">
    <subfield code="a">US9760536</subfield>
    <subfield code="c">B2</subfield>
    <subfield code="b">US</subfield>
    <subfield code="d">20170912</subfield>
  </datafield>
  <datafield tag="013" ind1=" " ind2=" ">
    <subfield code="a">US2015220486</subfield>
    <subfield code="c">A1</subfield>
    <subfield code="b">US</subfield>
    <subfield code="d">20150806</subfield>
  </datafield>
  <datafield tag="013" ind1=" " ind2=" ">
    <subfield code="a">EP2884884</subfield>
    <subfield code="c">A1</subfield>
    <subfield code="b">EP</subfield>
    <subfield code="d">20150624</subfield>
  </datafield>
  <datafield tag="013" ind1=" " ind2=" ">
    <subfield code="a">WO2014027329</subfield>
    <subfield code="c">A1</subfield>
    <subfield code="b">WO</subfield>
    <subfield code="d">20140220</subfield>
  </datafield>
  <datafield tag="024" ind1="7" ind2="0">
    <subfield code="a">46969985</subfield>
    <subfield code="2">EPO Family ID</subfield>
  </datafield>
  <datafield tag="024" ind1="7" ind2="0">
    <subfield code="a">6.1213</subfield>
    <subfield code="2">TTO</subfield>
  </datafield>
  <datafield tag="037" ind1=" " ind2=" ">
    <subfield code="a">PATENT</subfield>
  </datafield>
  <datafield tag="245" ind1=" " ind2=" ">
    <subfield code="a">Method and apparatus for low complexity spectral analysis of bio-signals</subfield>
  </datafield>
  <datafield tag="260" ind1=" " ind2=" ">
    <subfield code="c">2015</subfield>
  </datafield>
  <datafield tag="269" ind1=" " ind2=" ">
    <subfield code="a">2015</subfield>
  </datafield>
  <datafield tag="336" ind1=" " ind2=" ">
    <subfield code="a">Patents</subfield>
  </datafield>
  <datafield tag="520" ind1=" " ind2=" ">
    <subfield code="a">A method and device for reducing the computational complexity of a processing algorithm, of a discrete signal, in particular of the spectral estimation and analysis of bio-signals, with minimum or no quality loss, which comprises steps of (a) choosing a domain, such that transforming the signal to the chosen domain results to an approximately sparse representation, wherein at least part of the output data vector has zero or low magnitude elements; (b) converting the original signal in the domain chosen in step (a) through a mathematical transform consisting of arithmetic operations resulting in a vector of output data; (c) reformulating the processing algorithm of the original signal in the original domain into a modified algorithm consisting of equivalent arithmetic operations in the domain chosen in step (a) to yield the expected result with the expected quality quantified in terms of a suitable application metric; (d) combining the mathematical transform of step (b) and the equivalent mathematical operations introduced in step (c) for obtaining the expected result within the original domain with the expected quality; (e) selecting a threshold value based on the difference in the mean magnitude value of the elements of the output data vector of the transform said in step (b) and the preferred complexity reduction and degree of output quality loss that can be tolerated in the expected result within the target application; (f) pruning a number of elements the magnitude of which is less than the threshold value selected in step (e); and/or eliminating arithmetic operations associated with the pruned elements of step (f) either in the mathematical transform of step (b) and/or in the equivalent algorithm of step (c).</subfield>
  </datafield>
  <datafield tag="700" ind1=" " ind2=" ">
    <subfield code="a">Karakonstantis, Georgios</subfield>
    <subfield code="g">210321</subfield>
    <subfield code="0">245490</subfield>
  </datafield>
  <datafield tag="700" ind1=" " ind2=" ">
    <subfield code="a">Sankaranarayanan, Aviinaash</subfield>
  </datafield>
  <datafield tag="700" ind1=" " ind2=" ">
    <subfield code="a">Burg, Andreas</subfield>
    <subfield code="g">194090</subfield>
    <subfield code="0">245488</subfield>
  </datafield>
  <datafield tag="700" ind1=" " ind2=" ">
    <subfield code="a">Murali, Srinivasan</subfield>
    <subfield code="g">171633</subfield>
    <subfield code="0">242414</subfield>
  </datafield>
  <datafield tag="700" ind1=" " ind2=" ">
    <subfield code="a">Atienza Alonso, David</subfield>
    <subfield code="g">169199</subfield>
    <subfield code="0">240268</subfield>
  </datafield>
  <datafield tag="909" ind1="C" ind2="0">
    <subfield code="p">TTO</subfield>
    <subfield code="0">252085</subfield>
    <subfield code="x">U10021</subfield>
  </datafield>
  <datafield tag="909" ind1="C" ind2="0">
    <subfield code="p">TCL</subfield>
    <subfield code="0">252398</subfield>
    <subfield code="x">U12395</subfield>
  </datafield>
  <datafield tag="909" ind1="C" ind2="0">
    <subfield code="p">ESL</subfield>
    <subfield code="0">252050</subfield>
    <subfield code="x">U11977</subfield>
  </datafield>
  <datafield tag="909" ind1="C" ind2="O">
    <subfield code="o">oai:infoscience.tind.io:228354</subfield>
    <subfield code="p">STI</subfield>
  </datafield>
  <datafield tag="917" ind1="Z" ind2="8">
    <subfield code="x">194090</subfield>
  </datafield>
  <datafield tag="937" ind1=" " ind2=" ">
    <subfield code="a">EPFL-PATENT-228354</subfield>
  </datafield>
  <datafield tag="973" ind1=" " ind2=" ">
    <subfield code="a">EPFL</subfield>
  </datafield>
  <datafield tag="980" ind1=" " ind2=" ">
    <subfield code="a">PATENT</subfield>
  </datafield>
</record>