
<record>
  <controlfield tag="001">211754</controlfield>
  <controlfield tag="005">20180913063323.0</controlfield>
  <datafield tag="013" ind1=" " ind2=" ">
    <subfield code="a">DE60123804</subfield>
    <subfield code="c">T2</subfield>
    <subfield code="b">DE</subfield>
  </datafield>
  <datafield tag="013" ind1=" " ind2=" ">
    <subfield code="a">AT342585</subfield>
    <subfield code="b">AT</subfield>
  </datafield>
  <datafield tag="013" ind1=" " ind2=" ">
    <subfield code="a">EP1307929</subfield>
    <subfield code="c">B1</subfield>
    <subfield code="b">EP</subfield>
  </datafield>
  <datafield tag="013" ind1=" " ind2=" ">
    <subfield code="a">US6727113</subfield>
    <subfield code="c">B2</subfield>
    <subfield code="b">US</subfield>
  </datafield>
  <datafield tag="013" ind1=" " ind2=" ">
    <subfield code="a">CN1446381</subfield>
    <subfield code="b">CN</subfield>
  </datafield>
  <datafield tag="013" ind1=" " ind2=" ">
    <subfield code="a">US2003176004</subfield>
    <subfield code="c">A1</subfield>
    <subfield code="b">US</subfield>
  </datafield>
  <datafield tag="013" ind1=" " ind2=" ">
    <subfield code="a">EP1307929</subfield>
    <subfield code="c">A1</subfield>
    <subfield code="b">EP</subfield>
  </datafield>
  <datafield tag="013" ind1=" " ind2=" ">
    <subfield code="a">AU8758701</subfield>
    <subfield code="b">AU</subfield>
  </datafield>
  <datafield tag="013" ind1=" " ind2=" ">
    <subfield code="a">WO0213283</subfield>
    <subfield code="c">A1</subfield>
    <subfield code="b">WO</subfield>
  </datafield>
  <datafield tag="013" ind1=" " ind2=" ">
    <subfield code="a">EP1178545</subfield>
    <subfield code="c">A1</subfield>
    <subfield code="b">EP</subfield>
  </datafield>
  <datafield tag="024" ind1="7" ind2="0">
    <subfield code="a">6.0202</subfield>
    <subfield code="2">TTO</subfield>
  </datafield>
  <datafield tag="024" ind1="7" ind2="0">
    <subfield code="a">8169454</subfield>
    <subfield code="2">EPO Family ID</subfield>
  </datafield>
  <datafield tag="037" ind1=" " ind2=" ">
    <subfield code="a">PATENT</subfield>
  </datafield>
  <datafield tag="245" ind1=" " ind2=" ">
    <subfield code="a">Fabrication de capteurs pyroelectriques comprenant une couche pyroelectrique mince necessitant une polarisation electrique</subfield>
  </datafield>
  <datafield tag="260" ind1=" " ind2=" ">
    <subfield code="c">2006</subfield>
  </datafield>
  <datafield tag="269" ind1=" " ind2=" ">
    <subfield code="a">2006</subfield>
  </datafield>
  <datafield tag="336" ind1=" " ind2=" ">
    <subfield code="a">Patents</subfield>
  </datafield>
  <datafield tag="520" ind1=" " ind2=" ">
    <subfield code="a">The method for group manufacturing of pyroelectric sensors by forming a thin pyroelectric layer on the upper side of a silicon wafer, where each sensor comprises several pixels (4) and each pixel is defined by an upper electrode (6) situated on the face side and a lower electrode on the rear side of the layer, includes the following steps: (a) The formation of electrical connections in the form of strip conductors (28,30) between the upper electrodes and a contact pad (32), and the formation of resistances (36) connected in series with the upper electrodes, as a protection against a short-circuit. (b) The electric polarization of the pyroelectric layer by applying a voltage between the contact pad (32) of upper electrodes and the lower electrodes. (c) The electrical insulation of upper and/or lower electrodes of one or more sensors by cutting the strip conductors (28) along dotted lines (44) and separating sensors, so that each pixel can deliver an elementary electrical signal. The lower electrodes are also in the form of proper electrodes that are mutually connected by strip conductors (24) and to a contact pad (26). The upper and lower electrical connections present intersections (40) when projected onto the plane of wafer, and the lower connections are laid out so that the intersections are between the electrodes and the resistances. The resistances and electrical connections are laid out on the thin layer substantially horizontal on the upper side of wafer. In the second embodiment, the first electrical connections are formed in part by strip conductors on the lower side of wafer and feedthroughs, and the resistances are associated at least in part at the level of feedthroughs. The sensors are formed each by a two-dimensional array of pixels. The contact pads (38) connect the electrodes to the resistances, and the pads are the contacts of pixels in functioning when the resistances are inactive. The values of resistances are substantially equal and define an impedance of pixels allowing a uniform deposition of an absorption layer of e.g. platinum black on the pixels by electrochemical method.</subfield>
  </datafield>
  <datafield tag="700" ind1=" " ind2=" ">
    <subfield code="a">Willing, Bert</subfield>
  </datafield>
  <datafield tag="700" ind1=" " ind2=" ">
    <subfield code="a">Muralt, Paul</subfield>
    <subfield code="g">105945</subfield>
    <subfield code="0">240369</subfield>
  </datafield>
  <datafield tag="909" ind1="C" ind2="0">
    <subfield code="p">LC</subfield>
    <subfield code="0">252012</subfield>
    <subfield code="x">U10334</subfield>
  </datafield>
  <datafield tag="909" ind1="C" ind2="0">
    <subfield code="p">TTO</subfield>
    <subfield code="0">252085</subfield>
    <subfield code="x">U10021</subfield>
  </datafield>
  <datafield tag="909" ind1="C" ind2="O">
    <subfield code="o">oai:infoscience.tind.io:211754</subfield>
    <subfield code="p">STI</subfield>
  </datafield>
  <datafield tag="917" ind1="Z" ind2="8">
    <subfield code="x">105945</subfield>
  </datafield>
  <datafield tag="937" ind1=" " ind2=" ">
    <subfield code="a">EPFL-PATENT-211754</subfield>
  </datafield>
  <datafield tag="973" ind1=" " ind2=" ">
    <subfield code="a">EPFL</subfield>
  </datafield>
  <datafield tag="980" ind1=" " ind2=" ">
    <subfield code="a">PATENT</subfield>
  </datafield>
</record>