
<record>
  <controlfield tag="001">211719</controlfield>
  <controlfield tag="005">20180913063323.0</controlfield>
  <datafield tag="013" ind1=" " ind2=" ">
    <subfield code="a">AT489480</subfield>
    <subfield code="b">AT</subfield>
  </datafield>
  <datafield tag="013" ind1=" " ind2=" ">
    <subfield code="a">EP1670940</subfield>
    <subfield code="c">B1</subfield>
    <subfield code="b">EP</subfield>
  </datafield>
  <datafield tag="013" ind1=" " ind2=" ">
    <subfield code="a">US2009305286</subfield>
    <subfield code="c">A1</subfield>
    <subfield code="b">US</subfield>
  </datafield>
  <datafield tag="013" ind1=" " ind2=" ">
    <subfield code="a">US2007178460</subfield>
    <subfield code="c">A1</subfield>
    <subfield code="b">US</subfield>
  </datafield>
  <datafield tag="013" ind1=" " ind2=" ">
    <subfield code="a">EP1670940</subfield>
    <subfield code="c">A1</subfield>
    <subfield code="b">EP</subfield>
  </datafield>
  <datafield tag="013" ind1=" " ind2=" ">
    <subfield code="a">WO2005038050</subfield>
    <subfield code="c">A1</subfield>
    <subfield code="b">WO</subfield>
  </datafield>
  <datafield tag="013" ind1=" " ind2=" ">
    <subfield code="a">CA2542182</subfield>
    <subfield code="c">A1</subfield>
    <subfield code="b">CA</subfield>
  </datafield>
  <datafield tag="024" ind1="7" ind2="0">
    <subfield code="a">6.0471</subfield>
    <subfield code="2">TTO</subfield>
  </datafield>
  <datafield tag="024" ind1="7" ind2="0">
    <subfield code="a">34465125</subfield>
    <subfield code="2">EPO Family ID</subfield>
  </datafield>
  <datafield tag="037" ind1=" " ind2=" ">
    <subfield code="a">PATENT</subfield>
  </datafield>
  <datafield tag="245" ind1=" " ind2=" ">
    <subfield code="a">Method for identification of suitable fragmentation sites in a reporter protein</subfield>
  </datafield>
  <datafield tag="260" ind1=" " ind2=" ">
    <subfield code="c">2005</subfield>
  </datafield>
  <datafield tag="269" ind1=" " ind2=" ">
    <subfield code="a">2005</subfield>
  </datafield>
  <datafield tag="336" ind1=" " ind2=" ">
    <subfield code="a">Patents</subfield>
  </datafield>
  <datafield tag="520" ind1=" " ind2=" ">
    <subfield code="a">The invention concerns a combinatorial method for the generation of new split-protein sensors, and its application towards the (beta/alpha)8-barrel enzyme N-(5'-phosphoribosyl)-anthranilate isomerase Trp1p from Saccharomyces cerevisiae is demonstrated. The generated split-Trp protein sensors allow for the detection of protein-protein interactions in the cytosol as well as the membrane by enabling trp1 cells to grow on medium lacking tryptophan. This powerful selection thus complements the repertoire of the currently used split-protein sensors and provides a new tool for high-throughput interaction screening.</subfield>
  </datafield>
  <datafield tag="700" ind1=" " ind2=" ">
    <subfield code="a">Johnsson, Kai</subfield>
    <subfield code="g">123155</subfield>
    <subfield code="0">240057</subfield>
  </datafield>
  <datafield tag="700" ind1=" " ind2=" ">
    <subfield code="a">Tafelmeyer, Petra</subfield>
    <subfield code="g">148551</subfield>
    <subfield code="0">241541</subfield>
  </datafield>
  <datafield tag="909" ind1="C" ind2="0">
    <subfield code="p">LIP</subfield>
    <subfield code="0">252027</subfield>
    <subfield code="x">U10102</subfield>
  </datafield>
  <datafield tag="909" ind1="C" ind2="0">
    <subfield code="p">TTO</subfield>
    <subfield code="0">252085</subfield>
    <subfield code="x">U10021</subfield>
  </datafield>
  <datafield tag="909" ind1="C" ind2="O">
    <subfield code="o">oai:infoscience.tind.io:211719</subfield>
    <subfield code="p">SB</subfield>
  </datafield>
  <datafield tag="917" ind1="Z" ind2="8">
    <subfield code="x">105423</subfield>
  </datafield>
  <datafield tag="937" ind1=" " ind2=" ">
    <subfield code="a">EPFL-PATENT-211719</subfield>
  </datafield>
  <datafield tag="973" ind1=" " ind2=" ">
    <subfield code="a">EPFL</subfield>
  </datafield>
  <datafield tag="980" ind1=" " ind2=" ">
    <subfield code="a">PATENT</subfield>
  </datafield>
</record>