
<record>
  <controlfield tag="001">211676</controlfield>
  <controlfield tag="005">20190601123804.0</controlfield>
  <datafield tag="013" ind1=" " ind2=" ">
    <subfield code="a">EP2345182</subfield>
    <subfield code="c">A1</subfield>
    <subfield code="b">EP</subfield>
    <subfield code="d">20110720</subfield>
  </datafield>
  <datafield tag="013" ind1=" " ind2=" ">
    <subfield code="a">CH699480</subfield>
    <subfield code="c">A2</subfield>
    <subfield code="b">CH</subfield>
    <subfield code="d">20100315</subfield>
  </datafield>
  <datafield tag="013" ind1=" " ind2=" ">
    <subfield code="a">WO2010022528</subfield>
    <subfield code="c">A1</subfield>
    <subfield code="b">WO</subfield>
    <subfield code="d">20100304</subfield>
  </datafield>
  <datafield tag="024" ind1="7" ind2="0">
    <subfield code="a">6.0750</subfield>
    <subfield code="2">TTO</subfield>
  </datafield>
  <datafield tag="024" ind1="7" ind2="0">
    <subfield code="a">41395093</subfield>
    <subfield code="2">EPO Family ID</subfield>
  </datafield>
  <datafield tag="037" ind1=" " ind2=" ">
    <subfield code="a">PATENT</subfield>
  </datafield>
  <datafield tag="245" ind1=" " ind2=" ">
    <subfield code="a">Method for wireless transmission between two electroacoustic transducers, and device for carrying out said method</subfield>
  </datafield>
  <datafield tag="260" ind1=" " ind2=" ">
    <subfield code="c">2010</subfield>
  </datafield>
  <datafield tag="269" ind1=" " ind2=" ">
    <subfield code="a">2010</subfield>
  </datafield>
  <datafield tag="336" ind1=" " ind2=" ">
    <subfield code="a">Patents</subfield>
  </datafield>
  <datafield tag="520" ind1=" " ind2=" ">
    <subfield code="a">The invention relates to a method and a device for wireless transmission between at least one first transducer (T1) arranged in a first location and at least one second transducer (T2) arranged in a second location remote from the first location without using radio waves. Since the two transducers (T1, T2) are electroacoustic transducers, acoustic waves (W) are generated in the first transducer (T1), said acoustic waves are emitted in the direction of the second transducer (T2), the acoustic waves are captured in the second transducer (T2), and the acoustic waves received in the second transducer (T2) are converted at least in part into electrical energy. Said electrical energy is stored in a storage element (M) of the transducer (T2) and can be used for processing information by means of a processing device (P) and transmitting said information to the first transducer (T1) using modulated reflected acoustic waves (WR).</subfield>
  </datafield>
  <datafield tag="700" ind1=" " ind2=" ">
    <subfield code="a">Declercq, Michel</subfield>
    <subfield code="g">104896</subfield>
    <subfield code="0">241433</subfield>
  </datafield>
  <datafield tag="700" ind1=" " ind2=" ">
    <subfield code="a">Favre, Patrick</subfield>
    <subfield code="g">104896</subfield>
    <subfield code="0">(EPFLAUTH)104896</subfield>
  </datafield>
  <datafield tag="909" ind1="C" ind2="0">
    <subfield code="p">LEG1</subfield>
    <subfield code="0">252174</subfield>
  </datafield>
  <datafield tag="909" ind1="C" ind2="0">
    <subfield code="p">TTO</subfield>
    <subfield code="0">252085</subfield>
    <subfield code="x">U10021</subfield>
  </datafield>
  <datafield tag="937" ind1=" " ind2=" ">
    <subfield code="a">EPFL-PATENT-211676</subfield>
  </datafield>
  <datafield tag="973" ind1=" " ind2=" ">
    <subfield code="a">EPFL</subfield>
  </datafield>
  <datafield tag="980" ind1=" " ind2=" ">
    <subfield code="a">PATENT</subfield>
  </datafield>
</record>