
<record>
  <controlfield tag="001">211591</controlfield>
  <controlfield tag="005">20180913063320.0</controlfield>
  <datafield tag="013" ind1=" " ind2=" ">
    <subfield code="a">AT384578</subfield>
    <subfield code="b">AT</subfield>
  </datafield>
  <datafield tag="013" ind1=" " ind2=" ">
    <subfield code="a">EP1296760</subfield>
    <subfield code="c">B1</subfield>
    <subfield code="b">EP</subfield>
  </datafield>
  <datafield tag="013" ind1=" " ind2=" ">
    <subfield code="a">US7081428</subfield>
    <subfield code="c">B1</subfield>
    <subfield code="b">US</subfield>
  </datafield>
  <datafield tag="013" ind1=" " ind2=" ">
    <subfield code="a">EP1296760</subfield>
    <subfield code="c">A1</subfield>
    <subfield code="b">EP</subfield>
  </datafield>
  <datafield tag="013" ind1=" " ind2=" ">
    <subfield code="a">AU5385000</subfield>
    <subfield code="b">AU</subfield>
  </datafield>
  <datafield tag="013" ind1=" " ind2=" ">
    <subfield code="a">WO0202232</subfield>
    <subfield code="c">A1</subfield>
    <subfield code="b">WO</subfield>
  </datafield>
  <datafield tag="013" ind1=" " ind2=" ">
    <subfield code="a">CA2414323</subfield>
    <subfield code="c">A1</subfield>
    <subfield code="b">CA</subfield>
  </datafield>
  <datafield tag="024" ind1="7" ind2="0">
    <subfield code="a">6.0219</subfield>
    <subfield code="2">TTO</subfield>
  </datafield>
  <datafield tag="024" ind1="7" ind2="0">
    <subfield code="a">4358100</subfield>
    <subfield code="2">EPO Family ID</subfield>
  </datafield>
  <datafield tag="037" ind1=" " ind2=" ">
    <subfield code="a">PATENT</subfield>
  </datafield>
  <datafield tag="245" ind1=" " ind2=" ">
    <subfield code="a">Carboxylate-containing photocatalytic body, manufacture and use thereof</subfield>
  </datafield>
  <datafield tag="260" ind1=" " ind2=" ">
    <subfield code="c">2002</subfield>
  </datafield>
  <datafield tag="269" ind1=" " ind2=" ">
    <subfield code="a">2002</subfield>
  </datafield>
  <datafield tag="336" ind1=" " ind2=" ">
    <subfield code="a">Patents</subfield>
  </datafield>
  <datafield tag="520" ind1=" " ind2=" ">
    <subfield code="a">Supported photooxidation catalysts containing a metal oxide or metal ion as catalyst which is fixed to the support by means of carboxylate moieties are an alternative to existing such catalysts, particularly if low cost supports such as organic polymers, particularly polyethylene, are used. The supported photocatalysts can be used in mineralisation of organic pollutants in both liquids and gases and show reduced leaching of the catalyst and good resistance towards reactive oxygen species generated during the degradation process.</subfield>
  </datafield>
  <datafield tag="700" ind1=" " ind2=" ">
    <subfield code="a">Thampi, Ravindranathan</subfield>
    <subfield code="g">106543</subfield>
    <subfield code="0">241562</subfield>
  </datafield>
  <datafield tag="909" ind1="C" ind2="0">
    <subfield code="p">LPI</subfield>
    <subfield code="0">252060</subfield>
    <subfield code="x">U10101</subfield>
  </datafield>
  <datafield tag="909" ind1="C" ind2="0">
    <subfield code="p">TTO</subfield>
    <subfield code="0">252085</subfield>
    <subfield code="x">U10021</subfield>
  </datafield>
  <datafield tag="909" ind1="C" ind2="O">
    <subfield code="o">oai:infoscience.tind.io:211591</subfield>
    <subfield code="p">SB</subfield>
  </datafield>
  <datafield tag="917" ind1="Z" ind2="8">
    <subfield code="x">105528</subfield>
  </datafield>
  <datafield tag="937" ind1=" " ind2=" ">
    <subfield code="a">EPFL-PATENT-211591</subfield>
  </datafield>
  <datafield tag="973" ind1=" " ind2=" ">
    <subfield code="a">EPFL</subfield>
  </datafield>
  <datafield tag="980" ind1=" " ind2=" ">
    <subfield code="a">PATENT</subfield>
  </datafield>
</record>