
<record>
  <controlfield tag="001">210675</controlfield>
  <controlfield tag="005">20190317000237.0</controlfield>
  <datafield tag="013" ind1=" " ind2=" ">
    <subfield code="a">EP3095010</subfield>
    <subfield code="c">A2</subfield>
    <subfield code="b">EP</subfield>
    <subfield code="d">20161123</subfield>
  </datafield>
  <datafield tag="013" ind1=" " ind2=" ">
    <subfield code="a">EP3095011</subfield>
    <subfield code="c">A2</subfield>
    <subfield code="b">EP</subfield>
    <subfield code="d">20161123</subfield>
  </datafield>
  <datafield tag="013" ind1=" " ind2=" ">
    <subfield code="a">US2016327909</subfield>
    <subfield code="c">A1</subfield>
    <subfield code="b">US</subfield>
    <subfield code="d">20161110</subfield>
  </datafield>
  <datafield tag="013" ind1=" " ind2=" ">
    <subfield code="a">US2016327910</subfield>
    <subfield code="c">A1</subfield>
    <subfield code="b">US</subfield>
    <subfield code="d">20161110</subfield>
  </datafield>
  <datafield tag="013" ind1=" " ind2=" ">
    <subfield code="a">WO2015104692</subfield>
    <subfield code="c">A3</subfield>
    <subfield code="b">WO</subfield>
    <subfield code="d">20160121</subfield>
  </datafield>
  <datafield tag="013" ind1=" " ind2=" ">
    <subfield code="a">WO2015104693</subfield>
    <subfield code="c">A3</subfield>
    <subfield code="b">WO</subfield>
    <subfield code="d">20151230</subfield>
  </datafield>
  <datafield tag="013" ind1=" " ind2=" ">
    <subfield code="a">WO2015104692</subfield>
    <subfield code="c">A2</subfield>
    <subfield code="b">WO</subfield>
    <subfield code="d">20150716</subfield>
  </datafield>
  <datafield tag="013" ind1=" " ind2=" ">
    <subfield code="a">WO2015104693</subfield>
    <subfield code="c">A2</subfield>
    <subfield code="b">WO</subfield>
    <subfield code="d">20150716</subfield>
  </datafield>
  <datafield tag="013" ind1=" " ind2=" ">
    <subfield code="a">EP2894521</subfield>
    <subfield code="c">A1</subfield>
    <subfield code="b">EP</subfield>
    <subfield code="d">20150715</subfield>
  </datafield>
  <datafield tag="013" ind1=" " ind2=" ">
    <subfield code="a">CN106462105</subfield>
    <subfield code="c">A</subfield>
    <subfield code="b">CN</subfield>
    <subfield code="d">20170222</subfield>
  </datafield>
  <datafield tag="024" ind1="7" ind2="0">
    <subfield code="a">53524446</subfield>
    <subfield code="2">EPO Family ID</subfield>
  </datafield>
  <datafield tag="037" ind1=" " ind2=" ">
    <subfield code="a">PATENT</subfield>
  </datafield>
  <datafield tag="245" ind1=" " ind2=" ">
    <subfield code="a">GENERAL 2 DEGREE OF FREEDOM ISOTROPIC HARMONIC OSCILLATOR AND ASSOCIATED TIME BASE WITHOUT ESCAPEMENT OR WITH SIMPLIFIED ESCAPEMENT</subfield>
  </datafield>
  <datafield tag="260" ind1=" " ind2=" ">
    <subfield code="c">2015</subfield>
  </datafield>
  <datafield tag="269" ind1=" " ind2=" ">
    <subfield code="a">2015</subfield>
  </datafield>
  <datafield tag="300" ind1=" " ind2=" ">
    <subfield code="a">65</subfield>
  </datafield>
  <datafield tag="336" ind1=" " ind2=" ">
    <subfield code="a">Patents</subfield>
  </datafield>
  <datafield tag="520" ind1=" " ind2=" ">
    <subfield code="a">The mechanical isotropic harmonic oscillator comprises at least a two degrees of freedom linkage supporting an orbiting mass with respect to a fixed base with springs having isotropic and linear restoring force properties wherein the mass has a tilting motion. The oscillator may be used in a timekeeper, such a watch.</subfield>
  </datafield>
  <datafield tag="700" ind1=" " ind2=" ">
    <subfield code="a">Henein, Simon</subfield>
    <subfield code="g">101874</subfield>
    <subfield code="0">246629</subfield>
  </datafield>
  <datafield tag="700" ind1=" " ind2=" ">
    <subfield code="a">Vardi, Ilan</subfield>
    <subfield code="g">225098</subfield>
    <subfield code="0">247151</subfield>
  </datafield>
  <datafield tag="700" ind1=" " ind2=" ">
    <subfield code="a">Rubbert, Lennart</subfield>
    <subfield code="g">239854</subfield>
    <subfield code="0">247600</subfield>
  </datafield>
  <datafield tag="856" ind1="4" ind2=" ">
    <subfield code="y">n/a</subfield>
    <subfield code="s">3148259</subfield>
    <subfield code="z">n/a</subfield>
    <subfield code="u">http://infoscience.epfl.ch/record/210675/files/P2671PC01%20Publication%20WO2015104693A2.pdf</subfield>
  </datafield>
  <datafield tag="909" ind1="C" ind2="0">
    <subfield code="p">INSTANT-LAB</subfield>
    <subfield code="0">252479</subfield>
    <subfield code="x">U12651</subfield>
  </datafield>
  <datafield tag="909" ind1="C" ind2="O">
    <subfield code="o">oai:infoscience.tind.io:210675</subfield>
    <subfield code="p">STI</subfield>
    <subfield code="q">GLOBAL_SET</subfield>
  </datafield>
  <datafield tag="917" ind1="Z" ind2="8">
    <subfield code="x">190047</subfield>
  </datafield>
  <datafield tag="937" ind1=" " ind2=" ">
    <subfield code="a">EPFL-PATENT-210675</subfield>
  </datafield>
  <datafield tag="973" ind1=" " ind2=" ">
    <subfield code="a">EPFL</subfield>
  </datafield>
  <datafield tag="980" ind1=" " ind2=" ">
    <subfield code="a">PATENT</subfield>
  </datafield>
</record>