
<record>
  <controlfield tag="001">154182</controlfield>
  <controlfield tag="005">20181126150250.0</controlfield>
  <datafield tag="037" ind1=" " ind2=" ">
    <subfield code="a">PATENT</subfield>
  </datafield>
  <datafield tag="245" ind1=" " ind2=" ">
    <subfield code="a">Bone fracture risk assessing method involves inserting test probe through periosteum and soft tissue on bone, so as to evaluate resistance of bone to microscopic fracture</subfield>
  </datafield>
  <datafield tag="260" ind1=" " ind2=" ">
    <subfield code="c">2007</subfield>
    <subfield code="b">Univ California</subfield>
  </datafield>
  <datafield tag="269" ind1=" " ind2=" ">
    <subfield code="a">2007</subfield>
  </datafield>
  <datafield tag="336" ind1=" " ind2=" ">
    <subfield code="a">Patents</subfield>
  </datafield>
  <datafield tag="500" ind1=" " ind2=" ">
    <subfield code="a">Times Cited: 0</subfield>
  </datafield>
  <datafield tag="520" ind1=" " ind2=" ">
    <subfield code="a">NOVELTY - The test probe (100) is inserted through periosteum and/or soft tissue on a bone, such that the test probe contacts the bone. The test probe is inserted multiple times into same location of the bone, to create one or more microscopic fractures in the bone for evaluating the resistance of the bone to microscopic fracture. USE - For assessing risk of bone fracture of human and animal. ADVANTAGE - The diagnostic instrument directly determines indications of fracture risk through microcrack inducement, to enable multitudes of patients at risk to receive preventative therapy before suffering a fracture. DETAILED DESCRIPTION - INDEPENDENT CLAIMS are included for the following: (1) diagnostic instrument for assessing bone fracture risk; (2) test instrument for determining properties of bone; and (3) combination of test probe and reference probe for diagnostic instrument.</subfield>
  </datafield>
  <datafield tag="700" ind1=" " ind2=" ">
    <subfield code="a">Hansma, P.</subfield>
  </datafield>
  <datafield tag="700" ind1=" " ind2=" ">
    <subfield code="a">Rehn, D.</subfield>
  </datafield>
  <datafield tag="700" ind1=" " ind2=" ">
    <subfield code="a">Fantner, G.</subfield>
    <subfield code="g">199129</subfield>
    <subfield code="0">244716</subfield>
  </datafield>
  <datafield tag="700" ind1=" " ind2=" ">
    <subfield code="a">Turner, P.</subfield>
  </datafield>
  <datafield tag="856" ind1="4" ind2=" ">
    <subfield code="z">URL</subfield>
    <subfield code="u">&lt;Go to ISI>://DIIDW:2007132046</subfield>
  </datafield>
  <datafield tag="909" ind1="C" ind2="0">
    <subfield code="p">LBNI</subfield>
    <subfield code="0">252332</subfield>
    <subfield code="x">U12183</subfield>
  </datafield>
  <datafield tag="909" ind1="C" ind2="O">
    <subfield code="o">oai:infoscience.tind.io:154182</subfield>
    <subfield code="p">GLOBAL_SET</subfield>
    <subfield code="p">STI</subfield>
  </datafield>
  <datafield tag="937" ind1=" " ind2=" ">
    <subfield code="a">EPFL-PATENT-154182</subfield>
  </datafield>
  <datafield tag="937" ind1=" " ind2=" ">
    <subfield code="a">EPFL-PATENT-154182</subfield>
  </datafield>
  <datafield tag="973" ind1=" " ind2=" ">
    <subfield code="a">OTHER</subfield>
    <subfield code="s">PUBLISHED</subfield>
    <subfield code="r">REVIEWED</subfield>
  </datafield>
  <datafield tag="980" ind1=" " ind2=" ">
    <subfield code="a">PATENT</subfield>
  </datafield>
</record>