
<record>
  <controlfield tag="001">154177</controlfield>
  <controlfield tag="005">20181126150250.0</controlfield>
  <datafield tag="037" ind1=" " ind2=" ">
    <subfield code="a">PATENT</subfield>
  </datafield>
  <datafield tag="245" ind1=" " ind2=" ">
    <subfield code="a">Bone assessing method for fracture risk, involves inserting test probe through periosteum and soft tissue on bone of subject so that test probe contacts bone, where probe is inserted into bone to create microscopic fractures</subfield>
  </datafield>
  <datafield tag="260" ind1=" " ind2=" ">
    <subfield code="c">2008</subfield>
    <subfield code="b">Hansma P K; Rehn D J; Fantner G; Turner P J</subfield>
  </datafield>
  <datafield tag="269" ind1=" " ind2=" ">
    <subfield code="a">2008</subfield>
  </datafield>
  <datafield tag="336" ind1=" " ind2=" ">
    <subfield code="a">Patents</subfield>
  </datafield>
  <datafield tag="500" ind1=" " ind2=" ">
    <subfield code="a">Times Cited: 0</subfield>
  </datafield>
  <datafield tag="520" ind1=" " ind2=" ">
    <subfield code="a">NOVELTY - The method involves inserting a single use, replaceable test probe (800) through a periosteum and soft tissue on a bone of a subject so that the test probe contacts the subject`s bone. A material property of the bone is evaluated through the contact with the test probe. The test probe is inserted into the bone in a microscopic distance to create microscopic fractures in the bone. A resistance of the test bone to microscopic fracture by the test probe is determined, where the bone fracture risk is correlated with a force versus distance parameter. USE - Used for assessing a bone for fracture risk in a subject e.g. human and animal, with osteoarthritis and osteoporosis. ADVANTAGE - The test probe is inserted into the bone in a microscopic distance to create microscopic fractures in the bone and resistance of the test bone to microscopic fracture by the test probe is determined, thus assessing the bone fracture risk. The method allows diagnostic instrument that gives diagnostic information with a very quick and inexpensive test. DETAILED DESCRIPTION - INDEPENDENT CLAIMS are also included for the following: (1) a diagnostic instrument for assessing bone (2) a combination of test probe and reference probe for a diagnostic instrument for assessing bone (3) a test instrument for determining properties of a material.</subfield>
  </datafield>
  <datafield tag="700" ind1=" " ind2=" ">
    <subfield code="a">Hansma, P. K.</subfield>
  </datafield>
  <datafield tag="700" ind1=" " ind2=" ">
    <subfield code="a">Rehn, D. J.</subfield>
  </datafield>
  <datafield tag="700" ind1=" " ind2=" ">
    <subfield code="a">Fantner, G.</subfield>
    <subfield code="g">199129</subfield>
    <subfield code="0">244716</subfield>
  </datafield>
  <datafield tag="700" ind1=" " ind2=" ">
    <subfield code="a">Turner, P. J.</subfield>
  </datafield>
  <datafield tag="856" ind1="4" ind2=" ">
    <subfield code="z">URL</subfield>
    <subfield code="u">&lt;Go to ISI>://DIIDW:2008A58159</subfield>
  </datafield>
  <datafield tag="909" ind1="C" ind2="0">
    <subfield code="p">LBNI</subfield>
    <subfield code="0">252332</subfield>
    <subfield code="x">U12183</subfield>
  </datafield>
  <datafield tag="909" ind1="C" ind2="O">
    <subfield code="o">oai:infoscience.tind.io:154177</subfield>
    <subfield code="p">GLOBAL_SET</subfield>
    <subfield code="p">STI</subfield>
  </datafield>
  <datafield tag="937" ind1=" " ind2=" ">
    <subfield code="a">EPFL-PATENT-154177</subfield>
  </datafield>
  <datafield tag="937" ind1=" " ind2=" ">
    <subfield code="a">EPFL-PATENT-154177</subfield>
  </datafield>
  <datafield tag="973" ind1=" " ind2=" ">
    <subfield code="a">OTHER</subfield>
    <subfield code="s">PUBLISHED</subfield>
    <subfield code="r">REVIEWED</subfield>
  </datafield>
  <datafield tag="980" ind1=" " ind2=" ">
    <subfield code="a">PATENT</subfield>
  </datafield>
</record>