
<record>
  <controlfield tag="001">138452</controlfield>
  <controlfield tag="005">20180913055306.0</controlfield>
  <datafield tag="037" ind1=" " ind2=" ">
    <subfield code="a">PATENT</subfield>
  </datafield>
  <datafield tag="245" ind1=" " ind2=" ">
    <subfield code="a">Micro-array device, for DNA recognition, includes micro-sensors to output signals indicating absorption of ultraviolet radiation in micro-location, when traversed by UV beam during hybridization process</subfield>
  </datafield>
  <datafield tag="260" ind1=" " ind2=" ">
    <subfield code="c">2006</subfield>
    <subfield code="b">Univ Alma Mater Studiorum Di Bologna; Ricco B; Guiducci C</subfield>
  </datafield>
  <datafield tag="269" ind1=" " ind2=" ">
    <subfield code="a">2006</subfield>
  </datafield>
  <datafield tag="336" ind1=" " ind2=" ">
    <subfield code="a">Patents</subfield>
  </datafield>
  <datafield tag="520" ind1=" " ind2=" ">
    <subfield code="a">NOVELTY - The micro-array device has several micro-locations (3) associated with a preset DNA sequence. Several micro-sensors are positioned corresponding to the micro-locations. The micro-sensors output electrical signals indicating the absorption of ultraviolet radiation in the micro-location, when the micro-location is traversed by UV beams during hybridization process. USE - For micro-array device, used for DNA recognition. ADVANTAGE - The need for marking the analyzing material with fluorescent optical markers is eliminated, thus preventing contamination of the analyzing material prior to analysis and enabling real-time DNA recognition. DETAILED DESCRIPTION - An INDEPENDENT CLAIM is included for a DNA recognition method.</subfield>
  </datafield>
  <datafield tag="700" ind1=" " ind2=" ">
    <subfield code="a">Ricco, B.</subfield>
  </datafield>
  <datafield tag="700" ind1=" " ind2=" ">
    <subfield code="a">Guiducci, C.</subfield>
    <subfield code="g">190693</subfield>
    <subfield code="0">243928</subfield>
  </datafield>
  <datafield tag="700" ind1=" " ind2=" ">
    <subfield code="a">Benini, L.</subfield>
  </datafield>
  <datafield tag="909" ind1="C" ind2="0">
    <subfield code="p">CLSE</subfield>
    <subfield code="0">252239</subfield>
    <subfield code="x">U12017</subfield>
  </datafield>
  <datafield tag="909" ind1="C" ind2="O">
    <subfield code="o">oai:infoscience.tind.io:138452</subfield>
    <subfield code="p">STI</subfield>
  </datafield>
  <datafield tag="937" ind1=" " ind2=" ">
    <subfield code="a">CLSE-PATENT-2006-001</subfield>
  </datafield>
  <datafield tag="973" ind1=" " ind2=" ">
    <subfield code="a">OTHER</subfield>
    <subfield code="s">PUBLISHED</subfield>
    <subfield code="r">REVIEWED</subfield>
  </datafield>
  <datafield tag="980" ind1=" " ind2=" ">
    <subfield code="a">PATENT</subfield>
  </datafield>
</record>