
<record>
  <controlfield tag="001">101125</controlfield>
  <controlfield tag="005">20180127015220.0</controlfield>
  <datafield tag="013" ind1=" " ind2=" ">
    <subfield code="a">US7772439</subfield>
    <subfield code="c">B2</subfield>
    <subfield code="b">US</subfield>
    <subfield code="d">20100810</subfield>
  </datafield>
  <datafield tag="013" ind1=" " ind2=" ">
    <subfield code="a">EP1809647</subfield>
    <subfield code="c">A4</subfield>
    <subfield code="b">EP</subfield>
    <subfield code="d">20100804</subfield>
  </datafield>
  <datafield tag="013" ind1=" " ind2=" ">
    <subfield code="a">EP1809647</subfield>
    <subfield code="c">A2</subfield>
    <subfield code="b">EP</subfield>
    <subfield code="d">20070725</subfield>
  </datafield>
  <datafield tag="013" ind1=" " ind2=" ">
    <subfield code="a">WO2006047628</subfield>
    <subfield code="c">A3</subfield>
    <subfield code="b">WO</subfield>
    <subfield code="d">20061109</subfield>
  </datafield>
  <datafield tag="013" ind1=" " ind2=" ">
    <subfield code="a">US2006167240</subfield>
    <subfield code="c">A1</subfield>
    <subfield code="b">US</subfield>
    <subfield code="d">20060727</subfield>
  </datafield>
  <datafield tag="013" ind1=" " ind2=" ">
    <subfield code="a">CA2584799</subfield>
    <subfield code="c">A1</subfield>
    <subfield code="b">CA</subfield>
    <subfield code="d">20060504</subfield>
  </datafield>
  <datafield tag="013" ind1=" " ind2=" ">
    <subfield code="a">WO2006047628</subfield>
    <subfield code="c">A2</subfield>
    <subfield code="b">WO</subfield>
    <subfield code="d">20060504</subfield>
  </datafield>
  <datafield tag="024" ind1="7" ind2="0">
    <subfield code="a">36228444</subfield>
    <subfield code="2">EPO Family ID</subfield>
  </datafield>
  <datafield tag="037" ind1=" " ind2=" ">
    <subfield code="a">PATENT</subfield>
  </datafield>
  <datafield tag="245" ind1=" " ind2=" ">
    <subfield code="a">Amino or Thiol Linker Building Block for the Synthesis of Amino- or Thiol-functionalized nucleic acids and Methods of Making and Use Thereof</subfield>
  </datafield>
  <datafield tag="260" ind1=" " ind2=" ">
    <subfield code="c">2006</subfield>
  </datafield>
  <datafield tag="269" ind1=" " ind2=" ">
    <subfield code="a">2006</subfield>
  </datafield>
  <datafield tag="336" ind1=" " ind2=" ">
    <subfield code="a">Patents</subfield>
  </datafield>
  <datafield tag="520" ind1=" " ind2=" ">
    <subfield code="a">An amino or thiol linker building block for the synthesis of amino or thiol functionalized amino acids and generally of the following structure: Formula XII is provided. Such building block may be introduced in the 5' end position of an amino acid under standard coupling conditions. Such building block allows inline coupling control, "trityl-on" purification, and solid support functionalization/derivatization. Such building block is a stable, solid compound and can therefore be easily handled. With the building block of the present invention, deprotection may be carried out under standard detritylation conditions.</subfield>
  </datafield>
  <datafield tag="700" ind1=" " ind2=" ">
    <subfield code="a">Weiss, Patrick A.</subfield>
  </datafield>
  <datafield tag="700" ind1=" " ind2=" ">
    <subfield code="a">Weiss, Violette Y.</subfield>
  </datafield>
  <datafield tag="700" ind1=" " ind2=" ">
    <subfield code="a">Pitsch, Stefan</subfield>
    <subfield code="g">145837</subfield>
    <subfield code="0">240732</subfield>
  </datafield>
  <datafield tag="909" ind1="C" ind2="0">
    <subfield code="p">LCAN</subfield>
    <subfield code="0">252378</subfield>
  </datafield>
  <datafield tag="937" ind1=" " ind2=" ">
    <subfield code="a">LCAN-PATENT-2007-001</subfield>
  </datafield>
  <datafield tag="973" ind1=" " ind2=" ">
    <subfield code="a">EPFL</subfield>
    <subfield code="s">PUBLISHED</subfield>
  </datafield>
  <datafield tag="980" ind1=" " ind2=" ">
    <subfield code="a">PATENT</subfield>
  </datafield>
</record>