
<record>
  <controlfield tag="001">264098</controlfield>
  <controlfield tag="005">20190226125643.0</controlfield>
  <datafield tag="013" ind1=" " ind2=" ">
    <subfield code="a">WO 2018/185646 A1</subfield>
  </datafield>
  <datafield tag="037" ind1=" " ind2=" ">
    <subfield code="a">PATENT</subfield>
  </datafield>
  <datafield tag="245" ind1=" " ind2=" ">
    <subfield code="a">Box-type solar cooker</subfield>
  </datafield>
  <datafield tag="260" ind1=" " ind2=" ">
    <subfield code="c">2018-10-11</subfield>
  </datafield>
  <datafield tag="269" ind1=" " ind2=" ">
    <subfield code="a">2018-10-11</subfield>
  </datafield>
  <datafield tag="336" ind1=" " ind2=" ">
    <subfield code="a">Patents</subfield>
  </datafield>
  <datafield tag="520" ind1=" " ind2=" ">
    <subfield code="a">Solar cooker with a core comprising at least one insulating wall and at least one window having a glazing on which is deposited a low-e coating, characterized by the fact that said window(s) is/are oriented along several directions</subfield>
  </datafield>
  <datafield tag="700" ind1=" " ind2=" ">
    <subfield code="0">248387</subfield>
    <subfield code="a">Mauree, Dasaraden</subfield>
  </datafield>
  <datafield tag="700" ind1=" " ind2=" ">
    <subfield code="0">241357</subfield>
    <subfield code="a">Schueler, Andreas</subfield>
  </datafield>
  <datafield tag="700" ind1=" " ind2=" ">
    <subfield code="a">Diévart, Alexandre</subfield>
  </datafield>
  <datafield tag="700" ind1=" " ind2=" ">
    <subfield code="0">247412</subfield>
    <subfield code="a">Bouvard, Olivia Valérie Charlotte</subfield>
  </datafield>
  <datafield tag="720" ind1=" " ind2="5">
    <subfield code="a">EPFL</subfield>
    <subfield code="e">"app."</subfield>
  </datafield>
  <datafield tag="856" ind1="0" ind2=" ">
    <subfield code="f">barbara.smith@epfl.ch</subfield>
  </datafield>
  <datafield tag="909" ind1="C" ind2="0">
    <subfield code="0">252072</subfield>
    <subfield code="m">barbara.smith@epfl.ch</subfield>
    <subfield code="m">marlene.muff@epfl.ch</subfield>
    <subfield code="p">LESO-PB</subfield>
    <subfield code="x">U10262</subfield>
    <subfield code="z">Pasquier, Simon</subfield>
  </datafield>
  <datafield tag="909" ind1="C" ind2="O">
    <subfield code="o">oai:infoscience.epfl.ch:264098</subfield>
    <subfield code="p">ENAC</subfield>
  </datafield>
  <datafield tag="960" ind1=" " ind2=" ">
    <subfield code="a">barbara.smith@epfl.ch</subfield>
  </datafield>
  <datafield tag="961" ind1=" " ind2=" ">
    <subfield code="a">fantin.reichler@epfl.ch</subfield>
  </datafield>
  <datafield tag="973" ind1=" " ind2=" ">
    <subfield code="a">EPFL</subfield>
  </datafield>
  <datafield tag="980" ind1=" " ind2=" ">
    <subfield code="a">PATENT</subfield>
  </datafield>
  <datafield tag="981" ind1=" " ind2=" ">
    <subfield code="a">overwrite</subfield>
  </datafield>
</record>