
<record>
  <controlfield tag="001">229034</controlfield>
  <controlfield tag="005">20180913064357.0</controlfield>
  <datafield tag="013" ind1=" " ind2=" ">
    <subfield code="a">US2009089789</subfield>
    <subfield code="c">A1</subfield>
    <subfield code="b">US</subfield>
    <subfield code="d">20090402</subfield>
  </datafield>
  <datafield tag="024" ind1="7" ind2="0">
    <subfield code="a">40509897</subfield>
    <subfield code="2">EPO Family ID</subfield>
  </datafield>
  <datafield tag="024" ind1="7" ind2="0">
    <subfield code="a">6.0766</subfield>
    <subfield code="2">TTO</subfield>
  </datafield>
  <datafield tag="037" ind1=" " ind2=" ">
    <subfield code="a">PATENT</subfield>
  </datafield>
  <datafield tag="245" ind1=" " ind2=" ">
    <subfield code="a">Method to allocate inter-dependent resources by a set of participants</subfield>
  </datafield>
  <datafield tag="260" ind1=" " ind2=" ">
    <subfield code="c">2009</subfield>
  </datafield>
  <datafield tag="269" ind1=" " ind2=" ">
    <subfield code="a">2009</subfield>
  </datafield>
  <datafield tag="336" ind1=" " ind2=" ">
    <subfield code="a">Patents</subfield>
  </datafield>
  <datafield tag="520" ind1=" " ind2=" ">
    <subfield code="a">The object of the present invention is a method that allows a group of independent participants to coordinate decisions with respect to the allocation of interdependent resources, while maintaining certain privacy guarantees. The present invention proposes a method to allocate inter-dependent resources by a set of at least three participants, this method comprising the steps of: a. receiving by a first participant a request for a first resource by a third participant, and agreeing between the first participant and the third participant on at least one of a pair of allocation/non-allocation keys for the first resource, the allocation key being related to the allocation of the resource and the non-allocation key being related to the non-allocation of the resource, b. receiving by a second participant a request for a second resource by the third participant, and agreeing between the second participant and the third participant on at least one of a pair of allocation/non-allocation keys for the second resource, the allocation key being related to the allocation of the resource and the non-allocation key being related to the non-allocation of the resource, c. the third participant defining at least a first preference value defining his interest in a first combination of allocation or non-allocation of the first and second resources, d. the third participant obfuscating said first preference value using the two keys corresponding to the first combination of allocation and non-allocation of the first and second resources, e. transmitting the first obfuscated value directly or indirectly to the second participant, f. de-obfuscating by the second participant the received preference value using the corresponding allocation/non-allocation keys.</subfield>
  </datafield>
  <datafield tag="700" ind1=" " ind2=" ">
    <subfield code="a">Faltings, Boi</subfield>
    <subfield code="g">105074</subfield>
    <subfield code="0">240959</subfield>
  </datafield>
  <datafield tag="700" ind1=" " ind2=" ">
    <subfield code="a">Leaute, Thomas</subfield>
    <subfield code="g">173303</subfield>
    <subfield code="0">243340</subfield>
  </datafield>
  <datafield tag="700" ind1=" " ind2=" ">
    <subfield code="a">Petcu, Adrian</subfield>
    <subfield code="g">153197</subfield>
    <subfield code="0">240966</subfield>
  </datafield>
  <datafield tag="909" ind1="C" ind2="0">
    <subfield code="p">TTO</subfield>
    <subfield code="0">252085</subfield>
    <subfield code="x">U10021</subfield>
  </datafield>
  <datafield tag="909" ind1="C" ind2="0">
    <subfield code="p">LIA</subfield>
    <subfield code="0">252184</subfield>
    <subfield code="x">U10406</subfield>
  </datafield>
  <datafield tag="909" ind1="C" ind2="O">
    <subfield code="o">oai:infoscience.tind.io:229034</subfield>
    <subfield code="p">IC</subfield>
  </datafield>
  <datafield tag="917" ind1="Z" ind2="8">
    <subfield code="x">208605</subfield>
  </datafield>
  <datafield tag="937" ind1=" " ind2=" ">
    <subfield code="a">EPFL-PATENT-229034</subfield>
  </datafield>
  <datafield tag="973" ind1=" " ind2=" ">
    <subfield code="a">EPFL</subfield>
  </datafield>
  <datafield tag="980" ind1=" " ind2=" ">
    <subfield code="a">PATENT</subfield>
  </datafield>
</record>