
<record>
  <controlfield tag="001">228071</controlfield>
  <controlfield tag="005">20180318102417.0</controlfield>
  <datafield tag="013" ind1=" " ind2=" ">
    <subfield code="a">WO2016174266</subfield>
    <subfield code="c">A3</subfield>
    <subfield code="b">WO</subfield>
    <subfield code="d">20170112</subfield>
  </datafield>
  <datafield tag="013" ind1=" " ind2=" ">
    <subfield code="a">WO2016189047</subfield>
    <subfield code="c">A1</subfield>
    <subfield code="b">WO</subfield>
    <subfield code="d">20161201</subfield>
  </datafield>
  <datafield tag="013" ind1=" " ind2=" ">
    <subfield code="a">WO2016174266</subfield>
    <subfield code="c">A2</subfield>
    <subfield code="b">WO</subfield>
    <subfield code="d">20161103</subfield>
  </datafield>
  <datafield tag="024" ind1="7" ind2="0">
    <subfield code="a">56026805</subfield>
    <subfield code="2">EPO Family ID</subfield>
  </datafield>
  <datafield tag="024" ind1="7" ind2="0">
    <subfield code="a">56121035</subfield>
    <subfield code="2">EPO Family ID</subfield>
  </datafield>
  <datafield tag="024" ind1="7" ind2="0">
    <subfield code="a">6.1495</subfield>
    <subfield code="2">TTO</subfield>
  </datafield>
  <datafield tag="037" ind1=" " ind2=" ">
    <subfield code="a">PATENT</subfield>
  </datafield>
  <datafield tag="245" ind1=" " ind2=" ">
    <subfield code="a">Method for the preparation of a coating comprising oligomeric alkynes</subfield>
  </datafield>
  <datafield tag="260" ind1=" " ind2=" ">
    <subfield code="c">2017</subfield>
  </datafield>
  <datafield tag="269" ind1=" " ind2=" ">
    <subfield code="a">2017</subfield>
  </datafield>
  <datafield tag="336" ind1=" " ind2=" ">
    <subfield code="a">Patents</subfield>
  </datafield>
  <datafield tag="520" ind1=" " ind2=" ">
    <subfield code="a">The invention relates to a method for the preparation of a coating comprising at least one coating layer on a substrate, the method comprising the steps of a. providing monomers of the type R- (N)x-(L)m- (C=C)n-(L')o- (N')y-R', wherein R is a head moiety, R' is a tail moiety, (C≡C)n is an oligoyne moiety, L and L' are linker moieties, N and N' independently are branched or unbranched optionally substituted C1-C25 alkyl moieties optionally containing 1 to 5 heteroatoms, x, m, o, and y are independently 0 or 1, n is 4 to 12, and wherein the head moiety allows for an interaction with the surface of the substrate; b. bringing the monomers into contact with the substrate wherein the interaction of the head moieties of the monomers with the surface of the substrate induces at least a part of the monomers to align in a defined manner thereby forming a film on the surface and bringing the oligoyne moieties of the monomers into close contact with each other; c. inducing a reaction between oligoyne moieties by providing an external stimulus so as to at least partially cross-link the aligned monomers, thereby forming a coating layer on the substrate. The invention further relates to a coating obtainable according to the method of the invention, the use of a coating obtainable according to the method of the invention, a substrate comprising a coating obtainable according to the invention and the use of solid substrate. The invention further relates to a method for the synthesis of the monomers according to the invention.</subfield>
  </datafield>
  <datafield tag="700" ind1=" " ind2=" ">
    <subfield code="a">Frauenrath, Holger</subfield>
  </datafield>
  <datafield tag="700" ind1=" " ind2=" ">
    <subfield code="a">Schrettl, Stephen</subfield>
  </datafield>
  <datafield tag="700" ind1=" " ind2=" ">
    <subfield code="a">Schulte, Bjoern</subfield>
  </datafield>
  <datafield tag="700" ind1=" " ind2=" ">
    <subfield code="a">Leterrier, Yves</subfield>
    <subfield code="g">105657</subfield>
    <subfield code="0">240315</subfield>
  </datafield>
  <datafield tag="909" ind1="C" ind2="0">
    <subfield code="p">TTO</subfield>
    <subfield code="0">252085</subfield>
    <subfield code="x">U10021</subfield>
  </datafield>
  <datafield tag="909" ind1="C" ind2="0">
    <subfield code="p">LTC</subfield>
    <subfield code="0">252013</subfield>
    <subfield code="x">U10339</subfield>
  </datafield>
  <datafield tag="917" ind1="Z" ind2="8">
    <subfield code="x">105657</subfield>
  </datafield>
  <datafield tag="937" ind1=" " ind2=" ">
    <subfield code="a">EPFL-PATENT-228071</subfield>
  </datafield>
  <datafield tag="973" ind1=" " ind2=" ">
    <subfield code="a">EPFL</subfield>
  </datafield>
  <datafield tag="980" ind1=" " ind2=" ">
    <subfield code="a">PATENT</subfield>
  </datafield>
</record>