
<record>
  <controlfield tag="001">227897</controlfield>
  <controlfield tag="005">20180913064319.0</controlfield>
  <datafield tag="013" ind1=" " ind2=" ">
    <subfield code="a">US2017086301</subfield>
    <subfield code="c">A1</subfield>
    <subfield code="b">US</subfield>
    <subfield code="d">20170323</subfield>
  </datafield>
  <datafield tag="013" ind1=" " ind2=" ">
    <subfield code="a">EP3142550</subfield>
    <subfield code="c">A1</subfield>
    <subfield code="b">EP</subfield>
    <subfield code="d">20170322</subfield>
  </datafield>
  <datafield tag="013" ind1=" " ind2=" ">
    <subfield code="a">WO2015172894</subfield>
    <subfield code="c">A1</subfield>
    <subfield code="b">WO</subfield>
    <subfield code="d">20151119</subfield>
  </datafield>
  <datafield tag="024" ind1="7" ind2="0">
    <subfield code="a">50928057</subfield>
    <subfield code="2">EPO Family ID</subfield>
  </datafield>
  <datafield tag="024" ind1="7" ind2="0">
    <subfield code="a">6.1368</subfield>
    <subfield code="2">TTO</subfield>
  </datafield>
  <datafield tag="037" ind1=" " ind2=" ">
    <subfield code="a">PATENT</subfield>
  </datafield>
  <datafield tag="245" ind1=" " ind2=" ">
    <subfield code="a">Method for the electrical passivation of electrode arrays and/or conductive paths in general, and a method for producing stretchable electrode arrays and/or stretchable conductive paths in general</subfield>
  </datafield>
  <datafield tag="260" ind1=" " ind2=" ">
    <subfield code="c">2017</subfield>
  </datafield>
  <datafield tag="269" ind1=" " ind2=" ">
    <subfield code="a">2017</subfield>
  </datafield>
  <datafield tag="336" ind1=" " ind2=" ">
    <subfield code="a">Patents</subfield>
  </datafield>
  <datafield tag="520" ind1=" " ind2=" ">
    <subfield code="a">A method produces a conductive paste comprising 15-20% by weight of PDMS and 80-85% by weight of metallic micro-nano particles, wherein the conductive paste is obtained by repeated addition of singular doses of PDMS to a heptane diluted PDMS low viscosity liquid containing the metallic micro-nano particles, wherein the heptane fraction is allowed to evaporate after addition of each of the singular doses of PDMS. A method forms a conductive path on a support layer, wherein the conductive path is encapsulated by an encapsulation layer comprising at least one via through which at least one portion of the conductive path is exposed, the method comprising filling the at least one via with the conductive paste.</subfield>
  </datafield>
  <datafield tag="700" ind1=" " ind2=" ">
    <subfield code="a">Minev, Ivan Rusev</subfield>
    <subfield code="g">221013</subfield>
    <subfield code="0">246339</subfield>
  </datafield>
  <datafield tag="700" ind1=" " ind2=" ">
    <subfield code="a">Lacour, Stephanie P</subfield>
    <subfield code="g">208625</subfield>
    <subfield code="0">246296</subfield>
  </datafield>
  <datafield tag="909" ind1="C" ind2="0">
    <subfield code="p">TTO</subfield>
    <subfield code="0">252085</subfield>
    <subfield code="x">U10021</subfield>
  </datafield>
  <datafield tag="909" ind1="C" ind2="0">
    <subfield code="p">LSBI</subfield>
    <subfield code="0">252424</subfield>
    <subfield code="x">U12393</subfield>
  </datafield>
  <datafield tag="909" ind1="C" ind2="O">
    <subfield code="o">oai:infoscience.tind.io:227897</subfield>
    <subfield code="p">STI</subfield>
  </datafield>
  <datafield tag="917" ind1="Z" ind2="8">
    <subfield code="x">208625</subfield>
  </datafield>
  <datafield tag="937" ind1=" " ind2=" ">
    <subfield code="a">EPFL-PATENT-227897</subfield>
  </datafield>
  <datafield tag="973" ind1=" " ind2=" ">
    <subfield code="a">EPFL</subfield>
  </datafield>
  <datafield tag="980" ind1=" " ind2=" ">
    <subfield code="a">PATENT</subfield>
  </datafield>
</record>