
<record>
  <controlfield tag="001">226182</controlfield>
  <controlfield tag="005">20190317000641.0</controlfield>
  <datafield tag="013" ind1=" " ind2=" ">
    <subfield code="a">US-9,584,420</subfield>
  </datafield>
  <datafield tag="037" ind1=" " ind2=" ">
    <subfield code="a">PATENT</subfield>
  </datafield>
  <datafield tag="245" ind1=" " ind2=" ">
    <subfield code="a">Switching Between Loss-Based and Delay-Based Mode for Real-Time Media Congestion Controllers</subfield>
  </datafield>
  <datafield tag="260" ind1=" " ind2=" ">
    <subfield code="c">2017</subfield>
  </datafield>
  <datafield tag="269" ind1=" " ind2=" ">
    <subfield code="a">2017</subfield>
  </datafield>
  <datafield tag="336" ind1=" " ind2=" ">
    <subfield code="a">Patents</subfield>
  </datafield>
  <datafield tag="520" ind1=" " ind2=" ">
    <subfield code="a">Congestion control may be provided. A set of rules may allow a congestion control process to switch from delay-mode to loss-mode (e.g., in the presence of loss-based flows) and back to delay-mode (e.g., when loss-based flows stop). Fairness properties of this set of rules may include that the resulting flows may be fair to each other and the flows may also be fair when competing with loss-based flows. Many flows that may be deadlocked in loss-mode (e.g., in the absence of other genuine loss-based flows) may be helped to switch back to delay-mode.</subfield>
  </datafield>
  <datafield tag="700" ind1=" " ind2=" ">
    <subfield code="a">Mena, Sergio</subfield>
  </datafield>
  <datafield tag="700" ind1=" " ind2=" ">
    <subfield code="a">D'Aronco, Stefano</subfield>
    <subfield code="g">238825</subfield>
    <subfield code="0">248090</subfield>
  </datafield>
  <datafield tag="700" ind1=" " ind2=" ">
    <subfield code="a">Zhu, Xiaoqing</subfield>
  </datafield>
  <datafield tag="856" ind1="4" ind2=" ">
    <subfield code="z">URL</subfield>
    <subfield code="u">https://patents.google.com/patent/US20160330123A1</subfield>
  </datafield>
  <datafield tag="909" ind1="C" ind2="0">
    <subfield code="p">LTS4</subfield>
    <subfield code="0">252393</subfield>
    <subfield code="x">U10851</subfield>
  </datafield>
  <datafield tag="909" ind1="C" ind2="O">
    <subfield code="o">oai:infoscience.tind.io:226182</subfield>
    <subfield code="p">STI</subfield>
    <subfield code="q">GLOBAL_SET</subfield>
  </datafield>
  <datafield tag="917" ind1="Z" ind2="8">
    <subfield code="x">238825</subfield>
  </datafield>
  <datafield tag="937" ind1=" " ind2=" ">
    <subfield code="a">EPFL-PATENT-226182</subfield>
  </datafield>
  <datafield tag="973" ind1=" " ind2=" ">
    <subfield code="a">EPFL</subfield>
  </datafield>
  <datafield tag="980" ind1=" " ind2=" ">
    <subfield code="a">PATENT</subfield>
  </datafield>
</record>