
<record>
  <controlfield tag="001">221255</controlfield>
  <controlfield tag="005">20190507143829.0</controlfield>
  <datafield tag="013" ind1=" " ind2=" ">
    <subfield code="a">EP 3065189 A1 20160907</subfield>
  </datafield>
  <datafield tag="037" ind1=" " ind2=" ">
    <subfield code="a">PATENT</subfield>
  </datafield>
  <datafield tag="245" ind1=" " ind2=" ">
    <subfield code="a">Novel hole transport materials and optoelectronic devices containing the same</subfield>
  </datafield>
  <datafield tag="260" ind1=" " ind2=" ">
    <subfield code="c">2016</subfield>
    <subfield code="b">Eur. Pat. Appl.</subfield>
  </datafield>
  <datafield tag="269" ind1=" " ind2=" ">
    <subfield code="a">2016</subfield>
  </datafield>
  <datafield tag="336" ind1=" " ind2=" ">
    <subfield code="a">Patents</subfield>
  </datafield>
  <datafield tag="520" ind1=" " ind2=" ">
    <subfield code="a">The present invention concerns novel silolothiophene-bridged triphenylamines and related compds. and their use as hole transport materials (HTM), for example in optoelectronic and/or electrochem. devices. These materials are particularly useful in org.-inorg. perovskite-based solid state solar cells. Preferred compds. are:.</subfield>
  </datafield>
  <datafield tag="700" ind1=" " ind2=" ">
    <subfield code="a">Paek, Sanghyun</subfield>
    <subfield code="0">248384</subfield>
    <subfield code="g">251158</subfield>
  </datafield>
  <datafield tag="700" ind1=" " ind2=" ">
    <subfield code="a">Abate, Antonio</subfield>
  </datafield>
  <datafield tag="700" ind1=" " ind2=" ">
    <subfield code="a">Nazeeruddin, Mohammad Khaja</subfield>
  </datafield>
  <datafield tag="700" ind1=" " ind2=" ">
    <subfield code="a">Graetzel, Michael</subfield>
  </datafield>
  <datafield tag="909" ind1="C" ind2="0">
    <subfield code="p">GMF</subfield>
    <subfield code="0">252519</subfield>
    <subfield code="x">U12965</subfield>
  </datafield>
  <datafield tag="909" ind1="C" ind2="O">
    <subfield code="o">oai:infoscience.tind.io:221255</subfield>
    <subfield code="p">SB</subfield>
  </datafield>
  <datafield tag="917" ind1="Z" ind2="8">
    <subfield code="x">105958</subfield>
  </datafield>
  <datafield tag="937" ind1=" " ind2=" ">
    <subfield code="a">EPFL-PATENT-221255</subfield>
  </datafield>
  <datafield tag="973" ind1=" " ind2=" ">
    <subfield code="a">EPFL</subfield>
  </datafield>
  <datafield tag="980" ind1=" " ind2=" ">
    <subfield code="a">PATENT</subfield>
  </datafield>
</record>