
<record>
  <controlfield tag="001">211757</controlfield>
  <controlfield tag="005">20180913063324.0</controlfield>
  <datafield tag="013" ind1=" " ind2=" ">
    <subfield code="a">US8034027</subfield>
    <subfield code="c">B2</subfield>
    <subfield code="b">US</subfield>
    <subfield code="d">20111011</subfield>
  </datafield>
  <datafield tag="013" ind1=" " ind2=" ">
    <subfield code="a">US2008287875</subfield>
    <subfield code="c">A1</subfield>
    <subfield code="b">US</subfield>
    <subfield code="d">20081120</subfield>
  </datafield>
  <datafield tag="024" ind1="7" ind2="0">
    <subfield code="a">6.0743</subfield>
    <subfield code="2">TTO</subfield>
  </datafield>
  <datafield tag="024" ind1="7" ind2="0">
    <subfield code="a">40028255</subfield>
    <subfield code="2">EPO Family ID</subfield>
  </datafield>
  <datafield tag="037" ind1=" " ind2=" ">
    <subfield code="a">PATENT</subfield>
  </datafield>
  <datafield tag="245" ind1=" " ind2=" ">
    <subfield code="a">Infusion pump with phase separator</subfield>
  </datafield>
  <datafield tag="260" ind1=" " ind2=" ">
    <subfield code="c">2011</subfield>
  </datafield>
  <datafield tag="269" ind1=" " ind2=" ">
    <subfield code="a">2011</subfield>
  </datafield>
  <datafield tag="336" ind1=" " ind2=" ">
    <subfield code="a">Patents</subfield>
  </datafield>
  <datafield tag="520" ind1=" " ind2=" ">
    <subfield code="a">An infusion pump comprising a substance and pushing fluid inlet, a substance outlet, a central chamber communicating with said inlet and said outlet, and injecting means for injecting a substance into a biological object, wherein the infusion pump further includes a pushing fluid outlet in communication with the central chamber in such a way as to allow a pushing fluid to exhaust the pump. The outlet of the infusion pump is advantageously connected to the proximal end of a catheter, the distal end being inserted into the biological object. A sensor, e.g., an optical device, is preferably placed at the outlet of the infusion pump and checks that the outlet is free of gas. The infusion pump is preferably remotely controlled so that it can be placed in limited access locations. It is also preferably computer controlled.</subfield>
  </datafield>
  <datafield tag="653" ind1="1" ind2=" ">
    <subfield code="a">CIBM-AIT</subfield>
  </datafield>
  <datafield tag="700" ind1=" " ind2=" ">
    <subfield code="a">Comment, Arnaud</subfield>
    <subfield code="g">100892</subfield>
    <subfield code="0">243721</subfield>
  </datafield>
  <datafield tag="700" ind1=" " ind2=" ">
    <subfield code="a">Van Der Klink, Jacques</subfield>
    <subfield code="g">106615</subfield>
    <subfield code="0">243922</subfield>
  </datafield>
  <datafield tag="909" ind1="C" ind2="0">
    <subfield code="p">LIFMET</subfield>
    <subfield code="0">252276</subfield>
    <subfield code="x">U10984</subfield>
  </datafield>
  <datafield tag="909" ind1="C" ind2="0">
    <subfield code="p">TTO</subfield>
    <subfield code="0">252085</subfield>
    <subfield code="x">U10021</subfield>
  </datafield>
  <datafield tag="909" ind1="C" ind2="O">
    <subfield code="o">oai:infoscience.tind.io:211757</subfield>
    <subfield code="p">SB</subfield>
  </datafield>
  <datafield tag="917" ind1="Z" ind2="8">
    <subfield code="x">161735</subfield>
  </datafield>
  <datafield tag="937" ind1=" " ind2=" ">
    <subfield code="a">EPFL-PATENT-211757</subfield>
  </datafield>
  <datafield tag="973" ind1=" " ind2=" ">
    <subfield code="a">EPFL</subfield>
  </datafield>
  <datafield tag="980" ind1=" " ind2=" ">
    <subfield code="a">PATENT</subfield>
  </datafield>
</record>