
<record>
  <controlfield tag="001">211679</controlfield>
  <controlfield tag="005">20180913063322.0</controlfield>
  <datafield tag="013" ind1=" " ind2=" ">
    <subfield code="a">US8042087</subfield>
    <subfield code="c">B2</subfield>
    <subfield code="b">US</subfield>
    <subfield code="d">20111018</subfield>
  </datafield>
  <datafield tag="013" ind1=" " ind2=" ">
    <subfield code="a">US2009313592</subfield>
    <subfield code="c">A1</subfield>
    <subfield code="b">US</subfield>
    <subfield code="d">20091217</subfield>
  </datafield>
  <datafield tag="013" ind1=" " ind2=" ">
    <subfield code="a">EP2080128</subfield>
    <subfield code="c">A1</subfield>
    <subfield code="b">EP</subfield>
    <subfield code="d">20090722</subfield>
  </datafield>
  <datafield tag="013" ind1=" " ind2=" ">
    <subfield code="a">WO2008044211</subfield>
    <subfield code="c">A1</subfield>
    <subfield code="b">WO</subfield>
    <subfield code="d">20080417</subfield>
  </datafield>
  <datafield tag="024" ind1="7" ind2="0">
    <subfield code="a">6.0691.1</subfield>
    <subfield code="2">TTO</subfield>
  </datafield>
  <datafield tag="024" ind1="7" ind2="0">
    <subfield code="a">39083177</subfield>
    <subfield code="2">EPO Family ID</subfield>
  </datafield>
  <datafield tag="037" ind1=" " ind2=" ">
    <subfield code="a">PATENT</subfield>
  </datafield>
  <datafield tag="245" ind1=" " ind2=" ">
    <subfield code="a">Method to design network-on-chip (noc)-based communication systems</subfield>
  </datafield>
  <datafield tag="260" ind1=" " ind2=" ">
    <subfield code="c">2008</subfield>
  </datafield>
  <datafield tag="269" ind1=" " ind2=" ">
    <subfield code="a">2008</subfield>
  </datafield>
  <datafield tag="336" ind1=" " ind2=" ">
    <subfield code="a">Patents</subfield>
  </datafield>
  <datafield tag="520" ind1=" " ind2=" ">
    <subfield code="a">To tackle the increasing communication complexity of multi-core systems, scalable Networks on Chips (NoCs) are needed to interconnect the processor, memory and hardware cores of the systems. For the use of NoCs to be feasible in today's industrial designs, a custom-tailored, application-specific architecture that satisfies the objectives and constraints of the targeted application domain is required. In this work we present a method for synthesizing such application-specific NoC architectures. This best topology is achieved by a method to design Networks on Chips (NoCs)-based communication system for connecting on-chip components in a multicore system, said system comprising several elements such as processors, hardware blocks, memories, communicating through the communication system, said communication system comprising at least switches, said method comprising the steps of: - obtaining predefined communication characteristics modelling the applications running on the multicore system, - establishing the number and configuration of switches to connect the elements, - establishing physical connectivity between the elements and the switches, - for each of at least two pairs of communicating elements : a defining a communication path, that is, a sequence of switches to be traversed to connect the aforementioned pair of communicating elements, b calculating metrics as affected by the need to render said path into physical connectivity, said metrics being selected among one or a combination of power consumption of the involved switches, area of the involved switches, number of inputs and outputs of the involved switches, total length of wires used, maximum possible speed of operation of the system and number of switches to be traversed, taking into account any previously defined physical connectivity, c iterating the steps a and b for a plurality of possible paths, d choosing the path having the optimal metrics, e establishing any missing physical connectivity between the switches so that the selected optimal path occurs across physically connected switches.</subfield>
  </datafield>
  <datafield tag="700" ind1=" " ind2=" ">
    <subfield code="a">Murali, Srinivasan</subfield>
    <subfield code="g">171633</subfield>
    <subfield code="0">242414</subfield>
  </datafield>
  <datafield tag="700" ind1=" " ind2=" ">
    <subfield code="a">Benini, Luca</subfield>
    <subfield code="g">171049</subfield>
    <subfield code="0">243773</subfield>
  </datafield>
  <datafield tag="700" ind1=" " ind2=" ">
    <subfield code="a">De Micheli, Giovanni</subfield>
    <subfield code="g">167918</subfield>
    <subfield code="0">240269</subfield>
  </datafield>
  <datafield tag="909" ind1="C" ind2="0">
    <subfield code="p">LSI1</subfield>
    <subfield code="0">252283</subfield>
    <subfield code="x">U11140</subfield>
  </datafield>
  <datafield tag="909" ind1="C" ind2="0">
    <subfield code="p">TTO</subfield>
    <subfield code="0">252085</subfield>
    <subfield code="x">U10021</subfield>
  </datafield>
  <datafield tag="909" ind1="C" ind2="O">
    <subfield code="o">oai:infoscience.tind.io:211679</subfield>
    <subfield code="p">IC</subfield>
    <subfield code="p">STI</subfield>
  </datafield>
  <datafield tag="917" ind1="Z" ind2="8">
    <subfield code="x">112915</subfield>
  </datafield>
  <datafield tag="937" ind1=" " ind2=" ">
    <subfield code="a">EPFL-PATENT-211679</subfield>
  </datafield>
  <datafield tag="973" ind1=" " ind2=" ">
    <subfield code="a">EPFL</subfield>
  </datafield>
  <datafield tag="980" ind1=" " ind2=" ">
    <subfield code="a">PATENT</subfield>
  </datafield>
</record>