
<record>
  <controlfield tag="001">155481</controlfield>
  <controlfield tag="005">20190508215544.0</controlfield>
  <datafield tag="013" ind1=" " ind2=" ">
    <subfield code="a">EP 09 090 002.8</subfield>
  </datafield>
  <datafield tag="037" ind1=" " ind2=" ">
    <subfield code="a">PATENT</subfield>
  </datafield>
  <datafield tag="245" ind1=" " ind2=" ">
    <subfield code="a">Verfahren und Vorrichtung zur Ermittlung von Rückstaulängen an Lichtsignalanlagen</subfield>
  </datafield>
  <datafield tag="260" ind1=" " ind2=" ">
    <subfield code="c">2009</subfield>
  </datafield>
  <datafield tag="269" ind1=" " ind2=" ">
    <subfield code="a">2009</subfield>
  </datafield>
  <datafield tag="300" ind1=" " ind2=" ">
    <subfield code="a">28</subfield>
  </datafield>
  <datafield tag="336" ind1=" " ind2=" ">
    <subfield code="a">Patents</subfield>
  </datafield>
  <datafield tag="520" ind1=" " ind2=" ">
    <subfield code="a">Verfahren und Vorrichtung zur Ermittlung von Rückstaulängen an Lichtsignalanlagen, umfassend eine Datenverarbeitungseinrichtung, wobei in der Datenverarbeitungseinrichtung ein Verkehrsmodell für Straßensegmente mit Lichtsignalanlagen implementiert ist, wobei das Verkehrsmodell mindestens Dichteprofile in Abhängigkeit eines Parameters liefert, wobei über eine Schnittstelle der Datenverarbeitungseinrichtung Positionsdaten von Meldefahrzeugen im jeweiligen Straßensegment zugeführt werden und ein Schätzungsverfahren zur Ermittlung des Dichteprofils durchführbar ist, das mit den ermittelten Positionsdaten die größte Übereinstimmung aufweist, wobei eine Rückstaulänge an den Lichtsignalanlagen mittels des Verkehrsmodells unter Berücksichtigung des Parameters des ausgewählten Dichteprofils ermittelt wird.</subfield>
  </datafield>
  <datafield tag="653" ind1="1" ind2=" ">
    <subfield code="a">DLR</subfield>
  </datafield>
  <datafield tag="700" ind1=" " ind2=" ">
    <subfield code="a">Neumann, Thorsten</subfield>
  </datafield>
  <datafield tag="700" ind1=" " ind2=" ">
    <subfield code="a">Wagner, Peter</subfield>
  </datafield>
  <datafield tag="700" ind1=" " ind2=" ">
    <subfield code="a">Ebendt, Rüdiger</subfield>
  </datafield>
  <datafield tag="856" ind1="4" ind2=" ">
    <subfield code="z">URL</subfield>
    <subfield code="u">http://elib.dlr.de/59066/</subfield>
  </datafield>
  <datafield tag="909" ind1="C" ind2="0">
    <subfield code="p">NEARCTIS</subfield>
    <subfield code="0">252324</subfield>
  </datafield>
  <datafield tag="909" ind1="C" ind2="O">
    <subfield code="o">oai:infoscience.epfl.ch:155481</subfield>
    <subfield code="q">GLOBAL_SET</subfield>
  </datafield>
  <datafield tag="917" ind1="Z" ind2="8">
    <subfield code="x">173008</subfield>
  </datafield>
  <datafield tag="937" ind1=" " ind2=" ">
    <subfield code="a">EPFL-PATENT-155481</subfield>
  </datafield>
  <datafield tag="973" ind1=" " ind2=" ">
    <subfield code="a">OTHER</subfield>
    <subfield code="s">PUBLISHED</subfield>
  </datafield>
  <datafield tag="980" ind1=" " ind2=" ">
    <subfield code="a">PATENT</subfield>
  </datafield>
</record>