
<record>
  <controlfield tag="001">139894</controlfield>
  <controlfield tag="005">20180913055346.0</controlfield>
  <datafield tag="013" ind1=" " ind2=" ">
    <subfield code="a">US2005247120</subfield>
    <subfield code="c">A1</subfield>
    <subfield code="b">US</subfield>
    <subfield code="d">20051110</subfield>
  </datafield>
  <datafield tag="013" ind1=" " ind2=" ">
    <subfield code="a">EP1554058</subfield>
    <subfield code="c">A1</subfield>
    <subfield code="b">EP</subfield>
    <subfield code="d">20050720</subfield>
  </datafield>
  <datafield tag="013" ind1=" " ind2=" ">
    <subfield code="a">AU2003282034</subfield>
    <subfield code="c">A1</subfield>
    <subfield code="b">AU</subfield>
    <subfield code="d">20040513</subfield>
  </datafield>
  <datafield tag="013" ind1=" " ind2=" ">
    <subfield code="a">WO2004037446</subfield>
    <subfield code="c">A1</subfield>
    <subfield code="b">WO</subfield>
    <subfield code="d">20040506</subfield>
  </datafield>
  <datafield tag="013" ind1=" " ind2=" ">
    <subfield code="a">DE10248775</subfield>
    <subfield code="c">A1</subfield>
    <subfield code="b">DE</subfield>
    <subfield code="d">20040429</subfield>
  </datafield>
  <datafield tag="024" ind1="7" ind2="0">
    <subfield code="a">32049440</subfield>
    <subfield code="2">EPO Family ID</subfield>
  </datafield>
  <datafield tag="037" ind1=" " ind2=" ">
    <subfield code="a">PATENT</subfield>
  </datafield>
  <datafield tag="245" ind1=" " ind2=" ">
    <subfield code="a">Coated, light-transmitting or reflecting substrate, used as optical component or window, e.g. lens, mirror or windscreen, has (per)fluoroalkylsilane coating produced by plasma etching, hydration, drying and gas phase deposition</subfield>
  </datafield>
  <datafield tag="260" ind1=" " ind2=" ">
    <subfield code="c">2002</subfield>
    <subfield code="b">SWISSOPTIC AG (SWIS-Non-standard) ECOLE POLYTECHNIQUE FEDERALE LAUSANNE (ECOL-Non-standard)</subfield>
  </datafield>
  <datafield tag="269" ind1=" " ind2=" ">
    <subfield code="a">2002</subfield>
  </datafield>
  <datafield tag="336" ind1=" " ind2=" ">
    <subfield code="a">Patents</subfield>
  </datafield>
  <datafield tag="653" ind1="1" ind2=" ">
    <subfield code="a">[NRG]</subfield>
  </datafield>
  <datafield tag="700" ind1=" " ind2=" ">
    <subfield code="a">Hoffmann, P.</subfield>
    <subfield code="g">113150</subfield>
    <subfield code="0">241019</subfield>
  </datafield>
  <datafield tag="700" ind1=" " ind2=" ">
    <subfield code="a">Kulig, G.</subfield>
    <subfield code="g">133599</subfield>
    <subfield code="0">240789</subfield>
  </datafield>
  <datafield tag="700" ind1=" " ind2=" ">
    <subfield code="a">Barbieri, L.</subfield>
  </datafield>
  <datafield tag="909" ind1="C" ind2="0">
    <subfield code="p">LOA</subfield>
    <subfield code="0">252008</subfield>
    <subfield code="x">U10346</subfield>
  </datafield>
  <datafield tag="909" ind1="C" ind2="O">
    <subfield code="o">oai:infoscience.tind.io:139894</subfield>
    <subfield code="p">STI</subfield>
  </datafield>
  <datafield tag="917" ind1="Z" ind2="8">
    <subfield code="x">148230</subfield>
  </datafield>
  <datafield tag="937" ind1=" " ind2=" ">
    <subfield code="a">LOA-PATENT-2002-003</subfield>
  </datafield>
  <datafield tag="973" ind1=" " ind2=" ">
    <subfield code="a">EPFL</subfield>
    <subfield code="s">PUBLISHED</subfield>
  </datafield>
  <datafield tag="980" ind1=" " ind2=" ">
    <subfield code="a">PATENT</subfield>
  </datafield>
</record>