
<record>
  <controlfield tag="001">79636</controlfield>
  <controlfield tag="005">20180317093104.0</controlfield>
  <datafield tag="013" ind1=" " ind2=" ">
    <subfield code="a">2002-372351-2004206945</subfield>
  </datafield>
  <datafield tag="037" ind1=" " ind2=" ">
    <subfield code="a">PATENT</subfield>
  </datafield>
  <datafield tag="245" ind1=" " ind2=" ">
    <subfield code="a">Secondary lithium batteries showing high charge-discharge capacity and decrease charging time</subfield>
  </datafield>
  <datafield tag="260" ind1=" " ind2=" ">
    <subfield code="c">2004</subfield>
    <subfield code="b">(Catalysts and Chemicals Industries Co., Ltd., Japan).</subfield>
  </datafield>
  <datafield tag="269" ind1=" " ind2=" ">
    <subfield code="a">2004</subfield>
  </datafield>
  <datafield tag="336" ind1=" " ind2=" ">
    <subfield code="a">Patents</subfield>
  </datafield>
  <datafield tag="700" ind1=" " ind2=" ">
    <subfield code="a">Koyanagi, Tsuguo</subfield>
  </datafield>
  <datafield tag="700" ind1=" " ind2=" ">
    <subfield code="a">Graetzel, Michael</subfield>
    <subfield code="g">105292</subfield>
    <subfield code="0">240191</subfield>
  </datafield>
  <datafield tag="909" ind1="C" ind2="O">
    <subfield code="o">oai:infoscience.tind.io:79636</subfield>
    <subfield code="p">SB</subfield>
  </datafield>
  <datafield tag="909" ind1="C" ind2="0">
    <subfield code="p">LPI</subfield>
    <subfield code="0">252060</subfield>
    <subfield code="x">U10101</subfield>
  </datafield>
  <datafield tag="937" ind1=" " ind2=" ">
    <subfield code="a">LPI-PATENT-2004-001</subfield>
  </datafield>
  <datafield tag="970" ind1=" " ind2=" ">
    <subfield code="a">766/LPI</subfield>
  </datafield>
  <datafield tag="973" ind1=" " ind2=" ">
    <subfield code="a">EPFL</subfield>
    <subfield code="s">PUBLISHED</subfield>
  </datafield>
  <datafield tag="980" ind1=" " ind2=" ">
    <subfield code="a">PATENT</subfield>
  </datafield>
</record>