
<record>
  <controlfield tag="001">228380</controlfield>
  <controlfield tag="005">20180913064333.0</controlfield>
  <datafield tag="013" ind1=" " ind2=" ">
    <subfield code="a">US2015264570</subfield>
    <subfield code="c">A1</subfield>
    <subfield code="b">US</subfield>
    <subfield code="d">20150917</subfield>
  </datafield>
  <datafield tag="024" ind1="7" ind2="0">
    <subfield code="a">54070520</subfield>
    <subfield code="2">EPO Family ID</subfield>
  </datafield>
  <datafield tag="024" ind1="7" ind2="0">
    <subfield code="a">6.1341</subfield>
    <subfield code="2">TTO</subfield>
  </datafield>
  <datafield tag="037" ind1=" " ind2=" ">
    <subfield code="a">PATENT</subfield>
  </datafield>
  <datafield tag="245" ind1=" " ind2=" ">
    <subfield code="a">Method and device for proving his identity</subfield>
  </datafield>
  <datafield tag="260" ind1=" " ind2=" ">
    <subfield code="c">2015</subfield>
  </datafield>
  <datafield tag="269" ind1=" " ind2=" ">
    <subfield code="a">2015</subfield>
  </datafield>
  <datafield tag="336" ind1=" " ind2=" ">
    <subfield code="a">Patents</subfield>
  </datafield>
  <datafield tag="520" ind1=" " ind2=" ">
    <subfield code="a">The invention is related to a method allowing a prover holding a secret key (x) to prove its identity to a verifier and to prove to this verifier that he is within a predetermined distance of this verifier, said method comprising an initialization phase during which: the prover picks a first nonce (Np) and communicates this first nonce to the verifier; the verifier picks a first random vector (a), a leak function (Lμ), and a second nonce (Nv); the verifier uses said leak function (Lμ) to compute a modified secret (x′) depending on the leak (Lμ(x)) of said secret; the verifier transmits to said prover said leak function and said second nonce; the prover retrieves said first random vector and said modified secret, wherein said first random vector and said modified secret are used by said prover for computing responses (ri) to challenges (ci).</subfield>
  </datafield>
  <datafield tag="700" ind1=" " ind2=" ">
    <subfield code="a">Vaudenay, Serge</subfield>
    <subfield code="g">131602</subfield>
    <subfield code="0">241950</subfield>
  </datafield>
  <datafield tag="700" ind1=" " ind2=" ">
    <subfield code="a">Carlson, Ioana</subfield>
  </datafield>
  <datafield tag="909" ind1="C" ind2="0">
    <subfield code="p">TTO</subfield>
    <subfield code="0">252085</subfield>
    <subfield code="x">U10021</subfield>
  </datafield>
  <datafield tag="909" ind1="C" ind2="0">
    <subfield code="p">LASEC</subfield>
    <subfield code="0">252183</subfield>
    <subfield code="x">U10433</subfield>
  </datafield>
  <datafield tag="909" ind1="C" ind2="O">
    <subfield code="o">oai:infoscience.tind.io:228380</subfield>
    <subfield code="p">IC</subfield>
  </datafield>
  <datafield tag="917" ind1="Z" ind2="8">
    <subfield code="x">200065</subfield>
  </datafield>
  <datafield tag="937" ind1=" " ind2=" ">
    <subfield code="a">EPFL-PATENT-228380</subfield>
  </datafield>
  <datafield tag="973" ind1=" " ind2=" ">
    <subfield code="a">EPFL</subfield>
  </datafield>
  <datafield tag="980" ind1=" " ind2=" ">
    <subfield code="a">PATENT</subfield>
  </datafield>
</record>