
<record>
  <controlfield tag="001">204252</controlfield>
  <controlfield tag="005">20190416220320.0</controlfield>
  <datafield tag="013" ind1=" " ind2=" ">
    <subfield code="a">WO8800336</subfield>
    <subfield code="c">A1</subfield>
    <subfield code="b">WO</subfield>
    <subfield code="d">19880114</subfield>
  </datafield>
  <datafield tag="024" ind1="7" ind2="0">
    <subfield code="a">9337058</subfield>
    <subfield code="2">EPO Family ID</subfield>
  </datafield>
  <datafield tag="037" ind1=" " ind2=" ">
    <subfield code="a">PATENT</subfield>
  </datafield>
  <datafield tag="245" ind1=" " ind2=" ">
    <subfield code="a">Method for measuring the chromatic dispersion of an optical fibre and apparatus for implementing such method</subfield>
  </datafield>
  <datafield tag="260" ind1=" " ind2=" ">
    <subfield code="c">1988</subfield>
    <subfield code="b">World Intellectual Property Organization</subfield>
  </datafield>
  <datafield tag="269" ind1=" " ind2=" ">
    <subfield code="a">1988</subfield>
  </datafield>
  <datafield tag="300" ind1=" " ind2=" ">
    <subfield code="a">27</subfield>
  </datafield>
  <datafield tag="336" ind1=" " ind2=" ">
    <subfield code="a">Patents</subfield>
  </datafield>
  <datafield tag="500" ind1=" " ind2=" ">
    <subfield code="a">Priority data: FR19860009704 19860702</subfield>
  </datafield>
  <datafield tag="520" ind1=" " ind2=" ">
    <subfield code="a">The apparatus according to the invention comprises a coupler (30) intended to couple between each other two monomode fibres presenting four branches (31, 32, 33, 34). The branch (31) is connected to a branch (36). The branch (33) is the reference fibre and forms with a converging optics (39) and a plane mirror (41) a delay line. The branch (32) is aligned at (37) with the fibre to be measured (38) associated to a mirror (42). The light reflected by the mirrors (41 and 42) forms interference fringes which are used to determine the chromatic dispersion of the fibre to be measured (38).</subfield>
  </datafield>
  <datafield tag="700" ind1=" " ind2=" ">
    <subfield code="a">Pellaux, Jean-Paul</subfield>
  </datafield>
  <datafield tag="700" ind1=" " ind2=" ">
    <subfield code="a">Thévenaz, Luc</subfield>
    <subfield code="g">106544</subfield>
    <subfield code="0">240503</subfield>
  </datafield>
  <datafield tag="700" ind1=" " ind2=" ">
    <subfield code="a">Von der Weid, Jean Pierre</subfield>
  </datafield>
  <datafield tag="856" ind1="4" ind2=" ">
    <subfield code="z">URL</subfield>
    <subfield code="u">http://patentscope.wipo.int/search/en/WO1988000336</subfield>
  </datafield>
  <datafield tag="856" ind1="4" ind2=" ">
    <subfield code="y">Publisher's version</subfield>
    <subfield code="s">1165478</subfield>
    <subfield code="z">Publisher's version</subfield>
    <subfield code="u">http://infoscience.epfl.ch/record/204252/files/WO8800336.pdf</subfield>
  </datafield>
  <datafield tag="909" ind1="C" ind2="0">
    <subfield code="p">THEVE</subfield>
    <subfield code="0">252088</subfield>
    <subfield code="x">US05033</subfield>
  </datafield>
  <datafield tag="909" ind1="C" ind2="0">
    <subfield code="p">SCI-STI-LT</subfield>
    <subfield code="0">252591</subfield>
    <subfield code="x">U12146</subfield>
  </datafield>
  <datafield tag="909" ind1="C" ind2="O">
    <subfield code="o">oai:infoscience.tind.io:204252</subfield>
    <subfield code="p">STI</subfield>
    <subfield code="q">GLOBAL_SET</subfield>
  </datafield>
  <datafield tag="917" ind1="Z" ind2="8">
    <subfield code="x">106544</subfield>
  </datafield>
  <datafield tag="937" ind1=" " ind2=" ">
    <subfield code="a">EPFL-PATENT-204252</subfield>
  </datafield>
  <datafield tag="973" ind1=" " ind2=" ">
    <subfield code="a">OTHER</subfield>
  </datafield>
  <datafield tag="980" ind1=" " ind2=" ">
    <subfield code="a">PATENT</subfield>
  </datafield>
</record>