
<record>
  <controlfield tag="001">197874</controlfield>
  <controlfield tag="005">20180913062430.0</controlfield>
  <datafield tag="013" ind1=" " ind2=" ">
    <subfield code="a">US20120101067</subfield>
    <subfield code="b">US</subfield>
    <subfield code="d">2012</subfield>
  </datafield>
  <datafield tag="037" ind1=" " ind2=" ">
    <subfield code="a">PATENT</subfield>
  </datafield>
  <datafield tag="245" ind1=" " ind2=" ">
    <subfield code="a">Methods for enhancing hematopoietic progenitor cell engraftment</subfield>
  </datafield>
  <datafield tag="260" ind1=" " ind2=" ">
    <subfield code="c">2010</subfield>
  </datafield>
  <datafield tag="269" ind1=" " ind2=" ">
    <subfield code="a">2010</subfield>
  </datafield>
  <datafield tag="336" ind1=" " ind2=" ">
    <subfield code="a">Patents</subfield>
  </datafield>
  <datafield tag="500" ind1=" " ind2=" ">
    <subfield code="a">Also published as: US8546382 (B2); US8546382 (X6); WO2010121008 (A2); WO2010121008 (A3)</subfield>
  </datafield>
  <datafield tag="520" ind1=" " ind2=" ">
    <subfield code="a">Described herein are methods for improving engraftment of hematopoietic cells in an individual following hematopoietic progenitor cell transplantation (e.g., via bone marrow or cord blood transplantation). Methods for increasing hematopoietic progenitor cell proliferation in individuals with bone marrow aplasia are also described. The methods involve administering an agent that inhibits adipogenesis, adipocyte growth, adipocyte differentiation and/or adipocyte proliferation</subfield>
  </datafield>
  <datafield tag="700" ind1=" " ind2=" ">
    <subfield code="a">Naveiras, Olaia</subfield>
    <subfield code="g">203973</subfield>
    <subfield code="0">245552</subfield>
  </datafield>
  <datafield tag="700" ind1=" " ind2=" ">
    <subfield code="a">Daley, George</subfield>
  </datafield>
  <datafield tag="700" ind1=" " ind2=" ">
    <subfield code="a">Wenzel, Pamela</subfield>
  </datafield>
  <datafield tag="909" ind1="C" ind2="0">
    <subfield code="p">GR-NAVEIRAS</subfield>
    <subfield code="0">252501</subfield>
    <subfield code="x">U12818</subfield>
  </datafield>
  <datafield tag="909" ind1="C" ind2="O">
    <subfield code="o">oai:infoscience.tind.io:197874</subfield>
    <subfield code="p">SV</subfield>
  </datafield>
  <datafield tag="917" ind1="Z" ind2="8">
    <subfield code="x">182396</subfield>
  </datafield>
  <datafield tag="937" ind1=" " ind2=" ">
    <subfield code="a">EPFL-PATENT-197874</subfield>
  </datafield>
  <datafield tag="973" ind1=" " ind2=" ">
    <subfield code="a">OTHER</subfield>
  </datafield>
  <datafield tag="980" ind1=" " ind2=" ">
    <subfield code="a">PATENT</subfield>
  </datafield>
</record>