
<record>
  <controlfield tag="001">158071</controlfield>
  <controlfield tag="005">20180913060132.0</controlfield>
  <datafield tag="037" ind1=" " ind2=" ">
    <subfield code="a">PATENT</subfield>
  </datafield>
  <datafield tag="245" ind1=" " ind2=" ">
    <subfield code="a">Preparation of ecteinascidin alkaloids, such as ecteinascidins 583 and 597</subfield>
  </datafield>
  <datafield tag="260" ind1=" " ind2=" ">
    <subfield code="a">Application: WO WO</subfield>
    <subfield code="c">2007</subfield>
    <subfield code="b">(Centre National de la Recherche Scientifique, Fr.).</subfield>
  </datafield>
  <datafield tag="269" ind1=" " ind2=" ">
    <subfield code="a">2007</subfield>
  </datafield>
  <datafield tag="336" ind1=" " ind2=" ">
    <subfield code="a">Patents</subfield>
  </datafield>
  <datafield tag="500" ind1=" " ind2=" ">
    <subfield code="a">CAN 146:462418</subfield>
  </datafield>
  <datafield tag="500" ind1=" " ind2=" ">
    <subfield code="a">31-6</subfield>
  </datafield>
  <datafield tag="500" ind1=" " ind2=" ">
    <subfield code="a">Alkaloids</subfield>
  </datafield>
  <datafield tag="500" ind1=" " ind2=" ">
    <subfield code="a">Patent</subfield>
  </datafield>
  <datafield tag="500" ind1=" " ind2=" ">
    <subfield code="a">written in English.</subfield>
  </datafield>
  <datafield tag="500" ind1=" " ind2=" ">
    <subfield code="a">20070426</subfield>
  </datafield>
  <datafield tag="500" ind1=" " ind2=" ">
    <subfield code="a">200132-54-3 Role: CAT (Catalyst use), USES (Uses) (asym. synthesis of ecteinascidin alkaloids, such as ecteinascidins 583 and 597); 106-95-6; 121-33-5; 488-17-5; 533-31-3 (1,3-Benzodioxol-5-ol); 620-72-4; 645-33-0; 924-44-7; 2799-07-7; 2937-50-0; 17763-80-3; 49757-42-8; 81477-94-3; 102308-32-7; 934969-73-0 Role: RCT (Reactant), RACT (Reactant or reagent) (asym. synthesis of ecteinascidin alkaloids, such as ecteinascidins 583 and 597); 69404-94-0P; 111726-43-3P; 114899-80-8P (Ecteinascidin 770); 184300-08-1P (Ecteinascidin 583); 244126-22-5P; 244126-41-8P; 259220-89-8P; 308359-33-3P; 366020-68-0P; 366020-69-1P; 402469-27-6P; 686776-20-5P; 686776-22-7P; 686776-23-8P; 686776-24-9P; 686776-25-0P; 686776-27-2P; 854022-02-9P; 874758-51-7P; 874758-53-9P; 874758-54-0P; 874758-55-1P; 874758-56-2P; 874758-58-4P; 874758-59-5P; 874758-60-8P; 874758-61-9P; 874758-62-0P; 874758-63-1P; 874758-64-2P; 874758-65-3P; 874758-66-4P; 874758-67-5P; 874758-68-6P; 874758-69-7P; 874758-70-0P; 874758-71-1P; 874758-72-2P; 874758-73-3P; 874758-74-4P; 874758-76-6P; 874758-78-8P; 874758-82-4P; 925451-68-9P; 925451-73-6P; 925451-75-8P; 925451-76-9P; 925451-77-0P; 925451-78-1P; 925451-79-2P; 925451-80-5P; 925451-84-9P; 925451-85-0P; 925451-86-1P; 925451-87-2P; 925451-88-3P; 925451-89-4P; 925451-91-8P; 925451-92-9P; 925451-95-2P; 925451-96-3P; 925451-97-4P; 934969-68-3P; 934969-69-4P; 934969-71-8P; 934969-72-9P; 934969-74-1P Role: RCT (Reactant), SPN (Synthetic preparation), PREP (Preparation), RACT (Reactant or reagent) (asym. synthesis of ecteinascidin alkaloids, such as ecteinascidins 583 and 597); 114899-77-3P (Ecteinascidin 743); 184300-07-0P (Ecteinascidin 597); 934969-70-7P Role: SPN (Synthetic preparation), PREP (Preparation) (asym. synthesis of ecteinascidin alkaloids, such as ecteinascidins 583 and 597)</subfield>
  </datafield>
  <datafield tag="500" ind1=" " ind2=" ">
    <subfield code="a">A2</subfield>
  </datafield>
  <datafield tag="500" ind1=" " ind2=" ">
    <subfield code="a">US</subfield>
  </datafield>
  <datafield tag="500" ind1=" " ind2=" ">
    <subfield code="a">2005-728295</subfield>
  </datafield>
  <datafield tag="500" ind1=" " ind2=" ">
    <subfield code="a">20051020</subfield>
  </datafield>
  <datafield tag="520" ind1=" " ind2=" ">
    <subfield code="a">This invention disclosed processes for the asym. synthesis of ecteinascidin alkaloids, including ecteinascidin 773 I (R = OH), ecteinascidin 770 I (R = CN), ecteinascidin 583 II (R1 = H) and ecteinascidin 597 II (R = Me), and their intermediates, such as L-cysteine deriv. III [R3 = C(C6H4-4-OMe)3]. [on SciFinder (R)]</subfield>
  </datafield>
  <datafield tag="653" ind1="1" ind2=" ">
    <subfield code="a">Antitumor agents (asym. synthesis of ecteinascidin alkaloids</subfield>
  </datafield>
  <datafield tag="653" ind1="1" ind2=" ">
    <subfield code="a">such as ecteinascidins 583 and 597); Alkaloids Role: SPN (Synthetic preparation)</subfield>
  </datafield>
  <datafield tag="653" ind1="1" ind2=" ">
    <subfield code="a">PREP (Preparation) (asym. synthesis of ecteinascidin alkaloids</subfield>
  </datafield>
  <datafield tag="653" ind1="1" ind2=" ">
    <subfield code="a">such as ecteinascidins 583 and 597); Stereoselective synthesis (of ecteinascidin alkaloids</subfield>
  </datafield>
  <datafield tag="653" ind1="1" ind2=" ">
    <subfield code="a">such as ecteinascidins 583 and 597)</subfield>
  </datafield>
  <datafield tag="653" ind1="1" ind2=" ">
    <subfield code="a">ecteinascidin alkaloid asym synthesis antitumor agent</subfield>
  </datafield>
  <datafield tag="700" ind1=" " ind2=" ">
    <subfield code="a">Zhu, Jieping</subfield>
    <subfield code="g">206332</subfield>
    <subfield code="0">244710</subfield>
  </datafield>
  <datafield tag="700" ind1=" " ind2=" ">
    <subfield code="a">Bois-Choussy, Michele</subfield>
  </datafield>
  <datafield tag="700" ind1=" " ind2=" ">
    <subfield code="a">Chen, Jinchun</subfield>
  </datafield>
  <datafield tag="700" ind1=" " ind2=" ">
    <subfield code="a">Chen, Xiaochuan</subfield>
  </datafield>
  <datafield tag="909" ind1="C" ind2="0">
    <subfield code="p">LSPN</subfield>
    <subfield code="0">252341</subfield>
    <subfield code="x">U12326</subfield>
  </datafield>
  <datafield tag="909" ind1="C" ind2="O">
    <subfield code="o">oai:infoscience.tind.io:158071</subfield>
    <subfield code="p">SB</subfield>
  </datafield>
  <datafield tag="937" ind1=" " ind2=" ">
    <subfield code="a">EPFL-PATENT-158071</subfield>
  </datafield>
  <datafield tag="973" ind1=" " ind2=" ">
    <subfield code="a">OTHER</subfield>
    <subfield code="s">PUBLISHED</subfield>
    <subfield code="r">REVIEWED</subfield>
  </datafield>
  <datafield tag="980" ind1=" " ind2=" ">
    <subfield code="a">PATENT</subfield>
  </datafield>
</record>