
<record>
  <controlfield tag="001">154191</controlfield>
  <controlfield tag="005">20190607144234.0</controlfield>
  <datafield tag="037" ind1=" " ind2=" ">
    <subfield code="a">PATENT</subfield>
  </datafield>
  <datafield tag="245" ind1=" " ind2=" ">
    <subfield code="a">Scanning probe microscope e.g. atomic force microscope, has two actuators arranged in opposed push-pull configuration, and support constrains motion of one of two actuators in one axis to permit translation along another axis</subfield>
  </datafield>
  <datafield tag="260" ind1=" " ind2=" ">
    <subfield code="c">2006</subfield>
    <subfield code="b">Hansma P K; Fantner G; Kindt J H; Univ California</subfield>
  </datafield>
  <datafield tag="269" ind1=" " ind2=" ">
    <subfield code="a">2006</subfield>
  </datafield>
  <datafield tag="336" ind1=" " ind2=" ">
    <subfield code="a">Patents</subfield>
  </datafield>
  <datafield tag="500" ind1=" " ind2=" ">
    <subfield code="a">Times Cited: 0</subfield>
  </datafield>
  <datafield tag="520" ind1=" " ind2=" ">
    <subfield code="a">NOVELTY - The microscope has a housing (12), and two actuators (14, 16) are arranged in an opposed push-pull configuration that is coupled to the housing. A support (22) is coupled to the housing and to one of the two actuators at a position that is spaced from a point at which the actuator is coupled to the housing. The support constrains a motion of one of the two actuators along an axis to permit translation along another axis. USE - Scanning probe microscope e.g. atomic force microscope. ADVANTAGE - The support constrains the motion of one of the two actuators in one axis to permit translation along another axis, thus reducing mechanical oscillations while imaging, and hence improving the efficiency of the scanning probe microscope.</subfield>
  </datafield>
  <datafield tag="700" ind1=" " ind2=" ">
    <subfield code="a">Hansma, P. K.</subfield>
  </datafield>
  <datafield tag="700" ind1=" " ind2=" ">
    <subfield code="a">Fantner, G.</subfield>
    <subfield code="g">199129</subfield>
    <subfield code="0">244716</subfield>
  </datafield>
  <datafield tag="700" ind1=" " ind2=" ">
    <subfield code="a">Kindt, J. H.</subfield>
  </datafield>
  <datafield tag="856" ind1="4" ind2=" ">
    <subfield code="z">URL</subfield>
    <subfield code="u">&lt;Go to ISI>://DIIDW:2006400666</subfield>
  </datafield>
  <datafield tag="909" ind1="C" ind2="0">
    <subfield code="p">LBNI</subfield>
    <subfield code="0">252332</subfield>
    <subfield code="x">U12183</subfield>
  </datafield>
  <datafield tag="909" ind1="C" ind2="O">
    <subfield code="o">oai:infoscience.tind.io:154191</subfield>
    <subfield code="p">GLOBAL_SET</subfield>
    <subfield code="p">STI</subfield>
  </datafield>
  <datafield tag="937" ind1=" " ind2=" ">
    <subfield code="a">EPFL-PATENT-154191</subfield>
  </datafield>
  <datafield tag="937" ind1=" " ind2=" ">
    <subfield code="a">EPFL-PATENT-154191</subfield>
  </datafield>
  <datafield tag="973" ind1=" " ind2=" ">
    <subfield code="a">OTHER</subfield>
    <subfield code="s">PUBLISHED</subfield>
    <subfield code="r">REVIEWED</subfield>
  </datafield>
  <datafield tag="980" ind1=" " ind2=" ">
    <subfield code="a">PATENT</subfield>
  </datafield>
</record>