
<record>
  <controlfield tag="001">129279</controlfield>
  <controlfield tag="005">20190416220444.0</controlfield>
  <datafield tag="013" ind1=" " ind2=" ">
    <subfield code="a">WO2007079411</subfield>
    <subfield code="c">A2</subfield>
    <subfield code="b">WO</subfield>
    <subfield code="d">20070712</subfield>
  </datafield>
  <datafield tag="024" ind1="7" ind2="0">
    <subfield code="a">38228952</subfield>
    <subfield code="2">EPO Family ID</subfield>
  </datafield>
  <datafield tag="037" ind1=" " ind2=" ">
    <subfield code="a">PATENT</subfield>
  </datafield>
  <datafield tag="245" ind1=" " ind2=" ">
    <subfield code="a">Nanowire assembly, e.g. for optical probes, comprises optically trapping high aspect ratio semiconductor nanowire with infrared single-beam optical trap and attaching nanowire to organic or inorganic structure</subfield>
  </datafield>
  <datafield tag="260" ind1=" " ind2=" ">
    <subfield code="c">2007</subfield>
  </datafield>
  <datafield tag="269" ind1=" " ind2=" ">
    <subfield code="a">2007</subfield>
  </datafield>
  <datafield tag="336" ind1=" " ind2=" ">
    <subfield code="a">Patents</subfield>
  </datafield>
  <datafield tag="520" ind1=" " ind2=" ">
    <subfield code="a">NOVELTY - A nanowire assembly method comprises optically trapping a semiconductor nanowire with an infrared single-beam optical trap and attaching the nanowire to an organic or inorganic structure by laser fusing. The nanowire is further trapped in a fluid environment. The optical trap has a beam wavelength of 1064 nm. The nanowire has an aspect ratio greater than 100 and a diameter less than 100 (preferably less than 80) nm. The nanowire and the organic or inorganic structure form a heterostructure. USE - For fabricating a nanowire assembly for use as e.g. active photonic devices, passive photonic devices, optical probes, subwavelength microscopy. ADVANTAGE - Nanowires with diameters as small as 20 nm and aspect ratios of above one hundred can be trapped and transported in three dimensions, enabling the construction of nanowire architectures which may function in various capacities. Nanowire structures can now be assembled in physiological environments, offering new forms of chemical, mechanical and optical stimulation of living cells. DETAILED DESCRIPTION - An INDEPENDENT CLAIM is included for a nanowire assembly comprising a nanowire and an organic or inorganic structure or an arbitrary structure. DESCRIPTION OF DRAWING(S) - The figure shows a schematic diagram of an optical tweezers instrument for nanowire trapping.</subfield>
  </datafield>
  <datafield tag="653" ind1="1" ind2=" ">
    <subfield code="a">Microscope objective (12)</subfield>
  </datafield>
  <datafield tag="653" ind1="1" ind2=" ">
    <subfield code="a">Infrared beam (14)</subfield>
  </datafield>
  <datafield tag="653" ind1="1" ind2=" ">
    <subfield code="a">Mirror (20</subfield>
  </datafield>
  <datafield tag="653" ind1="1" ind2=" ">
    <subfield code="a">30</subfield>
  </datafield>
  <datafield tag="653" ind1="1" ind2=" ">
    <subfield code="a">36)</subfield>
  </datafield>
  <datafield tag="653" ind1="1" ind2=" ">
    <subfield code="a">Trapping chamber (22)</subfield>
  </datafield>
  <datafield tag="653" ind1="1" ind2=" ">
    <subfield code="a">XYZ-piezo stage (24)</subfield>
  </datafield>
  <datafield tag="653" ind1="1" ind2=" ">
    <subfield code="a">Beam of light (28)</subfield>
  </datafield>
  <datafield tag="653" ind1="1" ind2=" ">
    <subfield code="a">Condenser (32)</subfield>
  </datafield>
  <datafield tag="653" ind1="1" ind2=" ">
    <subfield code="a">L03 (Electro-(in)organic</subfield>
  </datafield>
  <datafield tag="653" ind1="1" ind2=" ">
    <subfield code="a">chemical features of electrical devices)</subfield>
  </datafield>
  <datafield tag="653" ind1="1" ind2=" ">
    <subfield code="a">U12 (Discrete Devices</subfield>
  </datafield>
  <datafield tag="653" ind1="1" ind2=" ">
    <subfield code="a">e.g. LEDs</subfield>
  </datafield>
  <datafield tag="653" ind1="1" ind2=" ">
    <subfield code="a">photovoltaic cells)</subfield>
  </datafield>
  <datafield tag="653" ind1="1" ind2=" ">
    <subfield code="a">L03-G10E</subfield>
  </datafield>
  <datafield tag="653" ind1="1" ind2=" ">
    <subfield code="a">U12-E01B2</subfield>
  </datafield>
  <datafield tag="653" ind1="1" ind2=" ">
    <subfield code="a">H01L-021/02</subfield>
  </datafield>
  <datafield tag="653" ind1="1" ind2=" ">
    <subfield code="a">H01L-021/336</subfield>
  </datafield>
  <datafield tag="653" ind1="1" ind2=" ">
    <subfield code="a">G02B-027/30</subfield>
  </datafield>
  <datafield tag="700" ind1=" " ind2=" ">
    <subfield code="a">Pauzauskie, P.</subfield>
  </datafield>
  <datafield tag="700" ind1=" " ind2=" ">
    <subfield code="a">Radenovic, A.</subfield>
    <subfield code="g">161458</subfield>
    <subfield code="0">240208</subfield>
  </datafield>
  <datafield tag="700" ind1=" " ind2=" ">
    <subfield code="a">Trepagnier, E.</subfield>
  </datafield>
  <datafield tag="700" ind1=" " ind2=" ">
    <subfield code="a">Liphardt, J.</subfield>
  </datafield>
  <datafield tag="700" ind1=" " ind2=" ">
    <subfield code="a">Yang, P.</subfield>
  </datafield>
  <datafield tag="856" ind1="4" ind2=" ">
    <subfield code="y">n/a</subfield>
    <subfield code="s">66860</subfield>
    <subfield code="z">n/a</subfield>
    <subfield code="u">http://infoscience.epfl.ch/record/129279/files/Nanowire_patent.pdf</subfield>
  </datafield>
  <datafield tag="909" ind1="C" ind2="0">
    <subfield code="p">LBEN</subfield>
    <subfield code="0">252069</subfield>
    <subfield code="x">U11842</subfield>
  </datafield>
  <datafield tag="909" ind1="C" ind2="O">
    <subfield code="o">oai:infoscience.tind.io:129279</subfield>
    <subfield code="p">STI</subfield>
    <subfield code="q">GLOBAL_SET</subfield>
  </datafield>
  <datafield tag="917" ind1="Z" ind2="8">
    <subfield code="x">161458</subfield>
  </datafield>
  <datafield tag="937" ind1=" " ind2=" ">
    <subfield code="a">LBEN-PATENT-2008-001</subfield>
  </datafield>
  <datafield tag="973" ind1=" " ind2=" ">
    <subfield code="a">OTHER</subfield>
    <subfield code="s">PUBLISHED</subfield>
  </datafield>
  <datafield tag="980" ind1=" " ind2=" ">
    <subfield code="a">PATENT</subfield>
  </datafield>
</record>