
<record>
  <controlfield tag="001">94416</controlfield>
  <controlfield tag="005">20180317092305.0</controlfield>
  <datafield tag="013" ind1=" " ind2=" ">
    <subfield code="a">2003183760</subfield>
  </datafield>
  <datafield tag="037" ind1=" " ind2=" ">
    <subfield code="a">PATENT</subfield>
  </datafield>
  <datafield tag="245" ind1=" " ind2=" ">
    <subfield code="a">Method and device for irradiating ions in an ion cyclotron resonance trap with photons and electrons</subfield>
  </datafield>
  <datafield tag="260" ind1=" " ind2=" ">
    <subfield code="a">Us</subfield>
    <subfield code="c">2003</subfield>
    <subfield code="b">(Bruker Daltonik G.m.b.H., Germany).</subfield>
  </datafield>
  <datafield tag="269" ind1=" " ind2=" ">
    <subfield code="a">2003</subfield>
  </datafield>
  <datafield tag="336" ind1=" " ind2=" ">
    <subfield code="a">Patents</subfield>
  </datafield>
  <datafield tag="500" ind1=" " ind2=" ">
    <subfield code="a">Can 139:269237</subfield>
  </datafield>
  <datafield tag="500" ind1=" " ind2=" ">
    <subfield code="a">76-3 FIELD Section Title:Electric Phenomena</subfield>
  </datafield>
  <datafield tag="500" ind1=" " ind2=" ">
    <subfield code="a">Field url:</subfield>
  </datafield>
  <datafield tag="500" ind1=" " ind2=" ">
    <subfield code="a">H01j049-42.</subfield>
  </datafield>
  <datafield tag="500" ind1=" " ind2=" ">
    <subfield code="a">250292000.</subfield>
  </datafield>
  <datafield tag="500" ind1=" " ind2=" ">
    <subfield code="a">Application: US</subfield>
  </datafield>
  <datafield tag="500" ind1=" " ind2=" ">
    <subfield code="a">20030326.</subfield>
  </datafield>
  <datafield tag="500" ind1=" " ind2=" ">
    <subfield code="a">2003-397634</subfield>
  </datafield>
  <datafield tag="500" ind1=" " ind2=" ">
    <subfield code="a">De</subfield>
  </datafield>
  <datafield tag="500" ind1=" " ind2=" ">
    <subfield code="a">2002-10213652</subfield>
  </datafield>
  <datafield tag="500" ind1=" " ind2=" ">
    <subfield code="a">20020327 FIELD Citations:Caravatti; US 4924089 A 1990|Senko; US 6573495 B2 2003|Anon; EP 1347486 A1 2003|Anon; GB 854943 A 1958|Anon; GB 1222577 A 1971|Anon; GB 2353632 A 2001|Anon; WO 02078048 A1 2002|Marshall; Mass Spectrometry Reviews 1998, 17, 1|Mclafferty; American Society for Mass Sepctrometry 2001, 12, 245|Tsybin; Rapid Communications In Mass Spectrometry 2001, 15, 1849|Hendrickson; International Journal of Mass Spectrometry and Ion Processes 1995, 141, 161|Budnik; Chemical Physics Letters 2001, 342, 299|Hofstadler; American Chemical Society, 71 , 2067|Colorado; Analytical Chemistry, 68, 4033|Schweikhard; American Society for Mass Spectrometry 1993, 4, 433|Zubarev; American Chemical Society, 3, 563|Little; American Chemical Society, 18, 2809|Tsybin, Y; 2001</subfield>
  </datafield>
  <datafield tag="520" ind1=" " ind2=" ">
    <subfield code="a">The present invention relates to a method and a device for irradiating ions in a ion cyclotron resonance (ICR) trap with photons and/or electrons. For electron irradn. a hollow electron emitter is used, through the hole of which a light beam can be sent into the ICR trap. The emitter generates a hollow, tubular electron beam. In a special application low energy ions within the tubular electron beam are irradiated with photons. The ions can be cyclotron-excited mass selectively, by which they enter the electron beam and interact with electrons. [on SciFinder (R)]</subfield>
  </datafield>
  <datafield tag="653" ind1="1" ind2=" ">
    <subfield code="a">ion cyclotron resonance trap with photon electron irradn</subfield>
  </datafield>
  <datafield tag="700" ind1=" " ind2=" ">
    <subfield code="a">Tsybin, Youri O.</subfield>
    <subfield code="g">174689</subfield>
    <subfield code="0">240220</subfield>
  </datafield>
  <datafield tag="700" ind1=" " ind2=" ">
    <subfield code="a">Baykut, Gokhan</subfield>
  </datafield>
  <datafield tag="909" ind1="C" ind2="O">
    <subfield code="o">oai:infoscience.tind.io:94416</subfield>
    <subfield code="p">SB</subfield>
  </datafield>
  <datafield tag="909" ind1="C" ind2="0">
    <subfield code="p">LSMB</subfield>
    <subfield code="0">252074</subfield>
    <subfield code="x">U11424</subfield>
  </datafield>
  <datafield tag="937" ind1=" " ind2=" ">
    <subfield code="a">LSMB-PATENT-2003-001</subfield>
  </datafield>
  <datafield tag="970" ind1=" " ind2=" ">
    <subfield code="a">0000000009/LSMB</subfield>
  </datafield>
  <datafield tag="973" ind1=" " ind2=" ">
    <subfield code="a">OTHER</subfield>
    <subfield code="s">PUBLISHED</subfield>
  </datafield>
  <datafield tag="980" ind1=" " ind2=" ">
    <subfield code="a">PATENT</subfield>
  </datafield>
</record>