
<record>
  <controlfield tag="001">81576</controlfield>
  <controlfield tag="005">20180127014210.0</controlfield>
  <datafield tag="013" ind1=" " ind2=" ">
    <subfield code="a">85-810234 166683</subfield>
  </datafield>
  <datafield tag="037" ind1=" " ind2=" ">
    <subfield code="a">PATENT</subfield>
  </datafield>
  <datafield tag="245" ind1=" " ind2=" ">
    <subfield code="a">Trans,trans-8,10-Dodecadien-1-yloxysilanes as pesticides</subfield>
  </datafield>
  <datafield tag="260" ind1=" " ind2=" ">
    <subfield code="c">1986</subfield>
    <subfield code="b">(Ciba-Geigy A.-G., Switz.).</subfield>
  </datafield>
  <datafield tag="269" ind1=" " ind2=" ">
    <subfield code="a">1986</subfield>
  </datafield>
  <datafield tag="336" ind1=" " ind2=" ">
    <subfield code="a">Patents</subfield>
  </datafield>
  <datafield tag="500" ind1=" " ind2=" ">
    <subfield code="a">CAN 105:97240</subfield>
  </datafield>
  <datafield tag="500" ind1=" " ind2=" ">
    <subfield code="a">26-2</subfield>
  </datafield>
  <datafield tag="500" ind1=" " ind2=" ">
    <subfield code="a">Biomolecules and Their Synthetic Analogs</subfield>
  </datafield>
  <datafield tag="500" ind1=" " ind2=" ">
    <subfield code="a">Patent</subfield>
  </datafield>
  <datafield tag="500" ind1=" " ind2=" ">
    <subfield code="a">written in German.</subfield>
  </datafield>
  <datafield tag="500" ind1=" " ind2=" ">
    <subfield code="a">19860102</subfield>
  </datafield>
  <datafield tag="500" ind1=" " ind2=" ">
    <subfield code="a">38568-98-8P; 103841-93-6P; 103841-94-7P; 103841-95-8P; 103841-96-9P Role: SPN (Synthetic preparation), PREP (Preparation) (prepn. of, as pheromone pesticide for Laspyresia pomonella); 33956-49-9 Role: PROC (Process) (substitution of, with chlorotrialkylsilanes, silyl derivs. from); 13465-78-6D Role: PROC (Process) (substitution of, with dodecadienol, dodecadienyloxysilane derivs. from)</subfield>
  </datafield>
  <datafield tag="500" ind1=" " ind2=" ">
    <subfield code="a">Designated States R: AT, BE, CH, DE, FR, GB, IT, LI, NL.</subfield>
  </datafield>
  <datafield tag="500" ind1=" " ind2=" ">
    <subfield code="a">A2</subfield>
  </datafield>
  <datafield tag="500" ind1=" " ind2=" ">
    <subfield code="a">CH</subfield>
  </datafield>
  <datafield tag="500" ind1=" " ind2=" ">
    <subfield code="a">84-2572</subfield>
  </datafield>
  <datafield tag="500" ind1=" " ind2=" ">
    <subfield code="a">19840525</subfield>
  </datafield>
  <datafield tag="520" ind1=" " ind2=" ">
    <subfield code="a">MeCH:CHCH:CH(CH2)6CH2SiR1R2R3 [I; R1, R2 = C1-6 alkyl; R3 = C16 alkyl, Ph], useful as pesticides, are prepd. by treating trans,trans-8,10-dodecadien-1-ol (II) with ClSiR1R2R3 at 10-60 Deg in the presence of a proton acceptor. Thus, 18.2 g II, 17.5 mL Me3SiCl and 50 mL Et3N were kept at 25 Deg in Et2O for 15 h to give I (R1-3 = Me) which captured 148 adult male Laspeyresia pomonella over a 78 day period when tested as a sexual pheromone and applied to apple trees in a glue-based dispenser contg. up to 10 mg I. [on SciFinder (R)]</subfield>
  </datafield>
  <datafield tag="653" ind1="1" ind2=" ">
    <subfield code="a">Pesticides (dodecadienyloxysilanes</subfield>
  </datafield>
  <datafield tag="653" ind1="1" ind2=" ">
    <subfield code="a">for Laspeyresia pomonella); Pheromones Role: RCT (Reactant)</subfield>
  </datafield>
  <datafield tag="653" ind1="1" ind2=" ">
    <subfield code="a">RACT (Reactant or reagent) (sex-attracting</subfield>
  </datafield>
  <datafield tag="653" ind1="1" ind2=" ">
    <subfield code="a">of Laspeyresia pomonella</subfield>
  </datafield>
  <datafield tag="653" ind1="1" ind2=" ">
    <subfield code="a">dodecadienyloxysilanes)</subfield>
  </datafield>
  <datafield tag="653" ind1="1" ind2=" ">
    <subfield code="a">dodecadienyloxysilane prepn pheromone; pesticide dodecadienyloxysilane prepn; dodecadienol substitution chlorotrialkylsilane</subfield>
  </datafield>
  <datafield tag="700" ind1=" " ind2=" ">
    <subfield code="a">Schlosser, Manfred</subfield>
    <subfield code="g">123541</subfield>
    <subfield code="0">240930</subfield>
  </datafield>
  <datafield tag="700" ind1=" " ind2=" ">
    <subfield code="a">Brassel, Jakob</subfield>
  </datafield>
  <datafield tag="909" ind1="C" ind2="0">
    <subfield code="p">LSCO</subfield>
    <subfield code="0">252181</subfield>
  </datafield>
  <datafield tag="937" ind1=" " ind2=" ">
    <subfield code="a">LSCO-PATENT-1986-001</subfield>
  </datafield>
  <datafield tag="970" ind1=" " ind2=" ">
    <subfield code="a">202/LSCO</subfield>
  </datafield>
  <datafield tag="973" ind1=" " ind2=" ">
    <subfield code="a">EPFL</subfield>
    <subfield code="s">PUBLISHED</subfield>
  </datafield>
  <datafield tag="980" ind1=" " ind2=" ">
    <subfield code="a">PATENT</subfield>
  </datafield>
</record>