
<record>
  <controlfield tag="001">81249</controlfield>
  <controlfield tag="005">20180317094224.0</controlfield>
  <datafield tag="013" ind1=" " ind2=" ">
    <subfield code="a">99-IB455 9947574</subfield>
  </datafield>
  <datafield tag="037" ind1=" " ind2=" ">
    <subfield code="a">PATENT</subfield>
  </datafield>
  <datafield tag="245" ind1=" " ind2=" ">
    <subfield code="a">Quaternary ammonium polymer, its preparation, and use for separating biomolecules</subfield>
  </datafield>
  <datafield tag="260" ind1=" " ind2=" ">
    <subfield code="c">1999</subfield>
    <subfield code="b">(Ecole Polytechnique Federale De Lausanne, Switz.).</subfield>
  </datafield>
  <datafield tag="269" ind1=" " ind2=" ">
    <subfield code="a">1999</subfield>
  </datafield>
  <datafield tag="336" ind1=" " ind2=" ">
    <subfield code="a">Patents</subfield>
  </datafield>
  <datafield tag="520" ind1=" " ind2=" ">
    <subfield code="a">A linear water-sol. quaternary ammonium polymer having a homopolymeric chain of repeating unit I (R1 and R2 = linear or branched alkyl, hydroxyalkyl, alkoxyalkyl groups having 1-6 C atoms; X- = anion and n = 30-220) was prepd. The polymer has a molar mass distribution ?1.5 and is used as a displacer in a displacement mode of chromatog. Thus, diallyldimethylammonium chloride and peroxy initiator dissolved in water was heated at 50 Deg to give a polymer having no.-av. mol. wt. 12,000 g/mol. [on SciFinder (R)]</subfield>
  </datafield>
  <datafield tag="700" ind1=" " ind2=" ">
    <subfield code="a">Freitag, Ruth</subfield>
    <subfield code="g">110869</subfield>
    <subfield code="0">241367</subfield>
  </datafield>
  <datafield tag="700" ind1=" " ind2=" ">
    <subfield code="a">Wandrey, Christine</subfield>
    <subfield code="g">112792</subfield>
    <subfield code="0">241193</subfield>
  </datafield>
  <datafield tag="909" ind1="C" ind2="0">
    <subfield code="p">LMRP</subfield>
    <subfield code="0">252196</subfield>
    <subfield code="x">U11032</subfield>
  </datafield>
  <datafield tag="937" ind1=" " ind2=" ">
    <subfield code="a">LMRP-PATENT-1999-001</subfield>
  </datafield>
  <datafield tag="970" ind1=" " ind2=" ">
    <subfield code="a">192/LMRP</subfield>
  </datafield>
  <datafield tag="973" ind1=" " ind2=" ">
    <subfield code="a">EPFL</subfield>
    <subfield code="s">PUBLISHED</subfield>
  </datafield>
  <datafield tag="980" ind1=" " ind2=" ">
    <subfield code="a">PATENT</subfield>
  </datafield>
</record>