
<record>
  <controlfield tag="001">81016</controlfield>
  <controlfield tag="005">20180317093556.0</controlfield>
  <datafield tag="013" ind1=" " ind2=" ">
    <subfield code="a">93-EP976 9321528</subfield>
  </datafield>
  <datafield tag="037" ind1=" " ind2=" ">
    <subfield code="a">PATENT</subfield>
  </datafield>
  <datafield tag="245" ind1=" " ind2=" ">
    <subfield code="a">Lipid membrane sensors</subfield>
  </datafield>
  <datafield tag="260" ind1=" " ind2=" ">
    <subfield code="c">1993</subfield>
    <subfield code="b">(European Institute of Technology, Fr.).</subfield>
  </datafield>
  <datafield tag="269" ind1=" " ind2=" ">
    <subfield code="a">1993</subfield>
  </datafield>
  <datafield tag="336" ind1=" " ind2=" ">
    <subfield code="a">Patents</subfield>
  </datafield>
  <datafield tag="520" ind1=" " ind2=" ">
    <subfield code="a">A bilayer lipid membrane sensor comprises (1) a gold recording surface; (2) a 1st lipid layer which is an imperfect layer of a thiolipid comprising the 2 phospholipid mols. linked to each end of a disulfide group, each through an oxyethylene chain short enough to allow the thiolipid to become anchored to the gold surface by self-assembly, but long enough to trap an aq. layer between the gold surface and the bottom of the thiolipid layer, the thiolipid being attached to the gold surface and the imperfect layer being completed by a phospholipid which provides an unattached fluid phase at room temp.; and (3) a 2nd lipid layer of phospholipid. The sensor is esp. useful for measuring changes in elec. resistance and/or capacity when it is prepd. to contain a receptor protein and an analyte contg. an agonist to the receptor is contacted with the bilayer. Thus, bis[8-(1,2-dipalmitoyl-sn-glycero-3-phosphoryl)-3,6-dioxaoctyl]disulfide monohydrate was prepd.; attached to a gold electrode; coated with an imperfect layer of DPPC, DMPC, or POPC; and incorporated with 5-HT3 receptor derived from calf brain as sensor for measuring the influence of serotoninergic agonists and antagonists (e.g. 5-hydroxytryptamine, 1-phenylbiguanide, and ICS 205-930). [on SciFinder (R)]</subfield>
  </datafield>
  <datafield tag="700" ind1=" " ind2=" ">
    <subfield code="a">Lang, Holger</subfield>
  </datafield>
  <datafield tag="700" ind1=" " ind2=" ">
    <subfield code="a">Koenig, Bernd</subfield>
  </datafield>
  <datafield tag="700" ind1=" " ind2=" ">
    <subfield code="a">Vogel, Horst</subfield>
    <subfield code="g">106666</subfield>
    <subfield code="0">240645</subfield>
  </datafield>
  <datafield tag="909" ind1="C" ind2="O">
    <subfield code="o">oai:infoscience.tind.io:81016</subfield>
    <subfield code="p">SB</subfield>
  </datafield>
  <datafield tag="909" ind1="C" ind2="0">
    <subfield code="p">LCPPM</subfield>
    <subfield code="0">252153</subfield>
    <subfield code="x">U10170</subfield>
  </datafield>
  <datafield tag="937" ind1=" " ind2=" ">
    <subfield code="a">LCPPM-PATENT-1993-001</subfield>
  </datafield>
  <datafield tag="970" ind1=" " ind2=" ">
    <subfield code="a">63/LCPPM</subfield>
  </datafield>
  <datafield tag="973" ind1=" " ind2=" ">
    <subfield code="a">EPFL</subfield>
    <subfield code="s">PUBLISHED</subfield>
  </datafield>
  <datafield tag="980" ind1=" " ind2=" ">
    <subfield code="a">PATENT</subfield>
  </datafield>
</record>