
<record>
  <controlfield tag="001">80302</controlfield>
  <controlfield tag="005">20180317093602.0</controlfield>
  <datafield tag="013" ind1=" " ind2=" ">
    <subfield code="a">90-EP1131 9201235</subfield>
  </datafield>
  <datafield tag="037" ind1=" " ind2=" ">
    <subfield code="a">PATENT</subfield>
  </datafield>
  <datafield tag="245" ind1=" " ind2=" ">
    <subfield code="a">Multiple-quantum NMR with frequency-modulated chirp pulses</subfield>
  </datafield>
  <datafield tag="260" ind1=" " ind2=" ">
    <subfield code="c">1992</subfield>
    <subfield code="b">(Spectrospin A.-G., Switz.; Bruker Analytische Messtechnik G.m.b.H.).</subfield>
  </datafield>
  <datafield tag="269" ind1=" " ind2=" ">
    <subfield code="a">1992</subfield>
  </datafield>
  <datafield tag="336" ind1=" " ind2=" ">
    <subfield code="a">Patents</subfield>
  </datafield>
  <datafield tag="520" ind1=" " ind2=" ">
    <subfield code="a">Frequency-modulated chirp pulses, for exciting multiple-quantum coherences over large bandwidths, can be considered as an alternative to composite pulses to combat the effects of large offsets and tilted effective fields. Refocusing of the phase dispersion of double-quantum coherence can be combined with suitable detection sequences to yield pure absorption 2-dimensional double-quantum spectra. The method of sym. excitation and detection by time-reversal may be applied to obtain t1-modulated longitudinal magnetization, which may then be converted into observable single-quantum coherence by a chirp echo sequence. Similar approaches can be used for many other NMR expts. involving coherence transfer. [on SciFinder (R)]</subfield>
  </datafield>
  <datafield tag="700" ind1=" " ind2=" ">
    <subfield code="a">Bodenhausen, Geoffrey</subfield>
    <subfield code="g">122795</subfield>
    <subfield code="0">243177</subfield>
  </datafield>
  <datafield tag="700" ind1=" " ind2=" ">
    <subfield code="a">Boehlen, Jean Marc</subfield>
  </datafield>
  <datafield tag="700" ind1=" " ind2=" ">
    <subfield code="a">Burghardt, Irene</subfield>
  </datafield>
  <datafield tag="909" ind1="C" ind2="O">
    <subfield code="o">oai:infoscience.tind.io:80302</subfield>
    <subfield code="p">SB</subfield>
  </datafield>
  <datafield tag="909" ind1="C" ind2="0">
    <subfield code="p">LRMB</subfield>
    <subfield code="0">252152</subfield>
    <subfield code="x">U10098</subfield>
  </datafield>
  <datafield tag="937" ind1=" " ind2=" ">
    <subfield code="a">LRMB-PATENT-1992-002</subfield>
  </datafield>
  <datafield tag="970" ind1=" " ind2=" ">
    <subfield code="a">154/LRMB</subfield>
  </datafield>
  <datafield tag="973" ind1=" " ind2=" ">
    <subfield code="a">EPFL</subfield>
    <subfield code="s">PUBLISHED</subfield>
  </datafield>
  <datafield tag="980" ind1=" " ind2=" ">
    <subfield code="a">PATENT</subfield>
  </datafield>
</record>