
<record>
  <controlfield tag="001">231794</controlfield>
  <controlfield tag="005">20180913064530.0</controlfield>
  <datafield tag="013" ind1=" " ind2=" ">
    <subfield code="a">US2017149132</subfield>
    <subfield code="c">A1</subfield>
    <subfield code="b">US</subfield>
    <subfield code="d">20170525</subfield>
  </datafield>
  <datafield tag="024" ind1="7" ind2="0">
    <subfield code="a">58721902</subfield>
    <subfield code="2">EPO Family ID</subfield>
  </datafield>
  <datafield tag="037" ind1=" " ind2=" ">
    <subfield code="a">PATENT</subfield>
  </datafield>
  <datafield tag="245" ind1=" " ind2=" ">
    <subfield code="a">Blind calibration of sensors of sensor arrays</subfield>
  </datafield>
  <datafield tag="260" ind1=" " ind2=" ">
    <subfield code="c">2017</subfield>
  </datafield>
  <datafield tag="269" ind1=" " ind2=" ">
    <subfield code="a">2017</subfield>
  </datafield>
  <datafield tag="336" ind1=" " ind2=" ">
    <subfield code="a">Patents</subfield>
  </datafield>
  <datafield tag="520" ind1=" " ind2=" ">
    <subfield code="a">Embodiments include methods for calibrating sensors of one or more sensor arrays. Aspects include accessing one or more beamforming matrices respectively associated to the one or more sensor arrays. Source intensity estimates are obtained for a set of points in a region of interest, based on measurement values as obtained after beamforming signals from the one or more sensor arrays based on the one or more beamforming matrices, assuming fixed amplitude and phase of gains of sensors of the one or more sensor arrays. Estimates of amplitude and phase of the sensor gains are obtained based on: measurement values as obtained before beamforming; and the previously obtained source intensity estimates. The obtained estimates of amplitude and phase can be used for calibrating said sensors.</subfield>
  </datafield>
  <datafield tag="700" ind1=" " ind2=" ">
    <subfield code="a">Cherubini, Giovanni</subfield>
  </datafield>
  <datafield tag="700" ind1=" " ind2=" ">
    <subfield code="a">Hurley, Paul</subfield>
  </datafield>
  <datafield tag="700" ind1=" " ind2=" ">
    <subfield code="a">Kazemi, Sanaz</subfield>
  </datafield>
  <datafield tag="700" ind1=" " ind2=" ">
    <subfield code="a">Simeoni, Matthieu Martin Jean-Andre</subfield>
    <subfield code="g">216691</subfield>
    <subfield code="0">249453</subfield>
  </datafield>
  <datafield tag="909" ind1="C" ind2="0">
    <subfield code="p">IINFCOM</subfield>
    <subfield code="0">252579</subfield>
    <subfield code="x">U13217</subfield>
  </datafield>
  <datafield tag="909" ind1="C" ind2="O">
    <subfield code="o">oai:infoscience.tind.io:231794</subfield>
    <subfield code="p">IC</subfield>
  </datafield>
  <datafield tag="917" ind1="Z" ind2="8">
    <subfield code="x">216691</subfield>
  </datafield>
  <datafield tag="917" ind1="Z" ind2="8">
    <subfield code="x">216691</subfield>
  </datafield>
  <datafield tag="937" ind1=" " ind2=" ">
    <subfield code="a">EPFL-PATENT-231794</subfield>
  </datafield>
  <datafield tag="973" ind1=" " ind2=" ">
    <subfield code="a">EPFL</subfield>
  </datafield>
  <datafield tag="980" ind1=" " ind2=" ">
    <subfield code="a">PATENT</subfield>
  </datafield>
</record>