
<record>
  <controlfield tag="001">229055</controlfield>
  <controlfield tag="005">20180913064357.0</controlfield>
  <datafield tag="013" ind1=" " ind2=" ">
    <subfield code="a">EP1700680</subfield>
    <subfield code="c">A1</subfield>
    <subfield code="b">EP</subfield>
    <subfield code="d">20060913</subfield>
  </datafield>
  <datafield tag="024" ind1="7" ind2="0">
    <subfield code="a">35385536</subfield>
    <subfield code="2">EPO Family ID</subfield>
  </datafield>
  <datafield tag="024" ind1="7" ind2="0">
    <subfield code="a">6.0534</subfield>
    <subfield code="2">TTO</subfield>
  </datafield>
  <datafield tag="037" ind1=" " ind2=" ">
    <subfield code="a">PATENT</subfield>
  </datafield>
  <datafield tag="245" ind1=" " ind2=" ">
    <subfield code="a">Easy release fluoropolymer molds for micro- and nano-pattern replication</subfield>
  </datafield>
  <datafield tag="260" ind1=" " ind2=" ">
    <subfield code="c">2006</subfield>
  </datafield>
  <datafield tag="269" ind1=" " ind2=" ">
    <subfield code="a">2006</subfield>
  </datafield>
  <datafield tag="336" ind1=" " ind2=" ">
    <subfield code="a">Patents</subfield>
  </datafield>
  <datafield tag="520" ind1=" " ind2=" ">
    <subfield code="a">A mold (35) for use in nano- or micro-replication processes on thermoplastic polymer substrates (20), comprises a nano- or micro-structured fluoropolymer surface that, when the mold (35) is used in a nano- or micro-replication process, serves for the application of a nano- or micro-structuration on a thermoplastic polymer substrate (20,22). The nano- or micro-structured fluoropolymer surface is itself obtained by nano- or micro-structuration against the fluoropolymer surface (30) using a master mold (10) of silicon, quartz, nickel, steel, copper, or another material of comparable properties having a nano- or micro-structuration corresponding to that to be applied to a substrate (22). The fluoromold (35) can be used for nano- or micro-imprint lithography, or a liquid polymer can be coated or extruded against the nano-or micro-structured fluoropolymer surface.</subfield>
  </datafield>
  <datafield tag="700" ind1=" " ind2=" ">
    <subfield code="a">Barbero, David</subfield>
  </datafield>
  <datafield tag="700" ind1=" " ind2=" ">
    <subfield code="a">Mathieu, Hans Jörg</subfield>
    <subfield code="g">105793</subfield>
    <subfield code="0">241565</subfield>
  </datafield>
  <datafield tag="700" ind1=" " ind2=" ">
    <subfield code="a">Hoffman, Patrick</subfield>
    <subfield code="g">113150</subfield>
    <subfield code="0">241019</subfield>
  </datafield>
  <datafield tag="909" ind1="C" ind2="0">
    <subfield code="p">LMCH</subfield>
    <subfield code="0">252380</subfield>
  </datafield>
  <datafield tag="909" ind1="C" ind2="0">
    <subfield code="p">LOA</subfield>
    <subfield code="0">252008</subfield>
    <subfield code="x">U10346</subfield>
  </datafield>
  <datafield tag="909" ind1="C" ind2="0">
    <subfield code="p">TTO</subfield>
    <subfield code="0">252085</subfield>
    <subfield code="x">U10021</subfield>
  </datafield>
  <datafield tag="909" ind1="C" ind2="O">
    <subfield code="o">oai:infoscience.tind.io:229055</subfield>
    <subfield code="p">STI</subfield>
  </datafield>
  <datafield tag="917" ind1="Z" ind2="8">
    <subfield code="x">136609</subfield>
  </datafield>
  <datafield tag="917" ind1="Z" ind2="8">
    <subfield code="x">148230</subfield>
  </datafield>
  <datafield tag="937" ind1=" " ind2=" ">
    <subfield code="a">EPFL-PATENT-229055</subfield>
  </datafield>
  <datafield tag="973" ind1=" " ind2=" ">
    <subfield code="a">EPFL</subfield>
  </datafield>
  <datafield tag="980" ind1=" " ind2=" ">
    <subfield code="a">PATENT</subfield>
  </datafield>
</record>