
<record>
  <controlfield tag="001">228368</controlfield>
  <controlfield tag="005">20180913064333.0</controlfield>
  <datafield tag="013" ind1=" " ind2=" ">
    <subfield code="a">US9420483</subfield>
    <subfield code="c">B2</subfield>
    <subfield code="b">US</subfield>
    <subfield code="d">20160816</subfield>
  </datafield>
  <datafield tag="013" ind1=" " ind2=" ">
    <subfield code="a">US2015156652</subfield>
    <subfield code="c">A1</subfield>
    <subfield code="b">US</subfield>
    <subfield code="d">20150604</subfield>
  </datafield>
  <datafield tag="013" ind1=" " ind2=" ">
    <subfield code="a">EP2856838</subfield>
    <subfield code="c">A1</subfield>
    <subfield code="b">EP</subfield>
    <subfield code="d">20150408</subfield>
  </datafield>
  <datafield tag="013" ind1=" " ind2=" ">
    <subfield code="a">WO2013174928</subfield>
    <subfield code="c">A9</subfield>
    <subfield code="b">WO</subfield>
    <subfield code="d">20140109</subfield>
  </datafield>
  <datafield tag="013" ind1=" " ind2=" ">
    <subfield code="a">WO2013174928</subfield>
    <subfield code="c">A1</subfield>
    <subfield code="b">WO</subfield>
    <subfield code="d">20131128</subfield>
  </datafield>
  <datafield tag="024" ind1="7" ind2="0">
    <subfield code="a">48483079</subfield>
    <subfield code="2">EPO Family ID</subfield>
  </datafield>
  <datafield tag="024" ind1="7" ind2="0">
    <subfield code="a">6.1185</subfield>
    <subfield code="2">TTO</subfield>
  </datafield>
  <datafield tag="037" ind1=" " ind2=" ">
    <subfield code="a">PATENT</subfield>
  </datafield>
  <datafield tag="245" ind1=" " ind2=" ">
    <subfield code="a">Method of real-time regulation compliance for wireless transmitters</subfield>
  </datafield>
  <datafield tag="260" ind1=" " ind2=" ">
    <subfield code="c">2015</subfield>
  </datafield>
  <datafield tag="269" ind1=" " ind2=" ">
    <subfield code="a">2015</subfield>
  </datafield>
  <datafield tag="336" ind1=" " ind2=" ">
    <subfield code="a">Patents</subfield>
  </datafield>
  <datafield tag="520" ind1=" " ind2=" ">
    <subfield code="a">All wireless devices must comply with the local radio regulations which are set by international and national regulatory bodies such as the European Telecommunication Standardization Institute (ETSI) for Europe and the Federal Commission for Communication (FCC) for US. A new firmware module is proposed, that will ensure that devices, in all circumstances will comply with the ETSI regulations for single channel emissions in the 868 MHz ISM band. Namely, assuring compliance with the duty-cycle limit, the maximum TX time and minimum TX-off time limit. Such a solution has not been researched mostly due to the popularity of the virtually worldwide 2.4 GHz ISM band which does not have duty-cycle limitations. The wireless sensor networks (WSN) operating in the 868 MHz band have their own niche applications that benefit from the increased signal range. The development and the acceptance of such applications will benefit from the existence of the proposed module implemented in firmware/software. We propose such a solution and demonstrate its implementation on a custom developed node and protocol. Implementation on top of standardized protocol layers is also analyzed. We also analyze the memory, time and energy overheads caused by including the module in the firmware.</subfield>
  </datafield>
  <datafield tag="700" ind1=" " ind2=" ">
    <subfield code="a">Boegli, Alexis</subfield>
    <subfield code="g">190000</subfield>
    <subfield code="0">243674</subfield>
  </datafield>
  <datafield tag="700" ind1=" " ind2=" ">
    <subfield code="a">Tanevski, Mitko</subfield>
    <subfield code="g">188677</subfield>
    <subfield code="0">243678</subfield>
  </datafield>
  <datafield tag="700" ind1=" " ind2=" ">
    <subfield code="a">Farine, Pierre-André</subfield>
    <subfield code="g">152066</subfield>
    <subfield code="0">243688</subfield>
  </datafield>
  <datafield tag="909" ind1="C" ind2="0">
    <subfield code="p">TTO</subfield>
    <subfield code="0">252085</subfield>
    <subfield code="x">U10021</subfield>
  </datafield>
  <datafield tag="909" ind1="C" ind2="0">
    <subfield code="p">ESPLAB</subfield>
    <subfield code="0">252263</subfield>
    <subfield code="x">U11964</subfield>
  </datafield>
  <datafield tag="909" ind1="C" ind2="O">
    <subfield code="o">oai:infoscience.tind.io:228368</subfield>
    <subfield code="p">STI</subfield>
  </datafield>
  <datafield tag="917" ind1="Z" ind2="8">
    <subfield code="x">190001</subfield>
  </datafield>
  <datafield tag="937" ind1=" " ind2=" ">
    <subfield code="a">EPFL-PATENT-228368</subfield>
  </datafield>
  <datafield tag="973" ind1=" " ind2=" ">
    <subfield code="a">EPFL</subfield>
  </datafield>
  <datafield tag="980" ind1=" " ind2=" ">
    <subfield code="a">PATENT</subfield>
  </datafield>
</record>