
<record>
  <controlfield tag="001">228356</controlfield>
  <controlfield tag="005">20180913064332.0</controlfield>
  <datafield tag="013" ind1=" " ind2=" ">
    <subfield code="a">WO2015040583</subfield>
    <subfield code="c">A1</subfield>
    <subfield code="b">WO</subfield>
    <subfield code="d">20150326</subfield>
  </datafield>
  <datafield tag="024" ind1="7" ind2="0">
    <subfield code="a">51794928</subfield>
    <subfield code="2">EPO Family ID</subfield>
  </datafield>
  <datafield tag="024" ind1="7" ind2="0">
    <subfield code="a">6.1303</subfield>
    <subfield code="2">TTO</subfield>
  </datafield>
  <datafield tag="037" ind1=" " ind2=" ">
    <subfield code="a">PATENT</subfield>
  </datafield>
  <datafield tag="245" ind1=" " ind2=" ">
    <subfield code="a">Facial rehabilitative device based on robogami (robotic origami) platform</subfield>
  </datafield>
  <datafield tag="260" ind1=" " ind2=" ">
    <subfield code="c">2015</subfield>
  </datafield>
  <datafield tag="269" ind1=" " ind2=" ">
    <subfield code="a">2015</subfield>
  </datafield>
  <datafield tag="336" ind1=" " ind2=" ">
    <subfield code="a">Patents</subfield>
  </datafield>
  <datafield tag="520" ind1=" " ind2=" ">
    <subfield code="a">The present invention relates to a facial rehabilitative device based on Robogami (Robotic Origami) platform. The device facilitates the process of the physical therapy for the therapist, to make this process more disciplined, and to enhance the result for the patient. Softness and low thickness are necessary in the facial prosthesis for safety and mechanical transparency; to patient's normal movements. Moreover the prosthesis may be adapted for different therapy methods, which means that different components are embeddable in the main platform of the prosthesis depending on the therapy requirements. Robogami platform is the main frame that embeds other functional components in the facial devices. Robogamis are low profile robots that can transform into different 3D shells. They provide softness through many Degrees of Freedom (Do F) that are driven by soft actuation (either soft materials or soft control). The layer by layer fabrication process of the Robogami is advantageous for the facial prosthesis since it allows embedment of different functional layers; such as electric stimulators, stiffness adaptive structures, and pressure sensitive layer; according to the requirements of the therapy method.</subfield>
  </datafield>
  <datafield tag="700" ind1=" " ind2=" ">
    <subfield code="a">Paik, Jamie</subfield>
    <subfield code="g">218367</subfield>
    <subfield code="0">246476</subfield>
  </datafield>
  <datafield tag="700" ind1=" " ind2=" ">
    <subfield code="a">Firouzeh, Amir</subfield>
    <subfield code="g">221830</subfield>
    <subfield code="0">246565</subfield>
  </datafield>
  <datafield tag="909" ind1="C" ind2="0">
    <subfield code="p">TTO</subfield>
    <subfield code="0">252085</subfield>
    <subfield code="x">U10021</subfield>
  </datafield>
  <datafield tag="909" ind1="C" ind2="0">
    <subfield code="p">RRL</subfield>
    <subfield code="0">252462</subfield>
    <subfield code="x">U12520</subfield>
  </datafield>
  <datafield tag="909" ind1="C" ind2="O">
    <subfield code="o">oai:infoscience.tind.io:228356</subfield>
    <subfield code="p">STI</subfield>
  </datafield>
  <datafield tag="917" ind1="Z" ind2="8">
    <subfield code="x">221830</subfield>
  </datafield>
  <datafield tag="937" ind1=" " ind2=" ">
    <subfield code="a">EPFL-PATENT-228356</subfield>
  </datafield>
  <datafield tag="973" ind1=" " ind2=" ">
    <subfield code="a">EPFL</subfield>
  </datafield>
  <datafield tag="980" ind1=" " ind2=" ">
    <subfield code="a">PATENT</subfield>
  </datafield>
</record>