
<record>
  <controlfield tag="001">211789</controlfield>
  <controlfield tag="005">20190117192500.0</controlfield>
  <datafield tag="013" ind1=" " ind2=" ">
    <subfield code="a">US2012108820</subfield>
    <subfield code="c">A1</subfield>
    <subfield code="b">US</subfield>
    <subfield code="d">20120503</subfield>
  </datafield>
  <datafield tag="013" ind1=" " ind2=" ">
    <subfield code="a">ES2374195</subfield>
    <subfield code="c">T3</subfield>
    <subfield code="b">ES</subfield>
    <subfield code="d">20120214</subfield>
  </datafield>
  <datafield tag="013" ind1=" " ind2=" ">
    <subfield code="a">US8101777</subfield>
    <subfield code="c">B2</subfield>
    <subfield code="b">US</subfield>
    <subfield code="d">20120124</subfield>
  </datafield>
  <datafield tag="013" ind1=" " ind2=" ">
    <subfield code="a">PT1660457</subfield>
    <subfield code="c">E</subfield>
    <subfield code="b">PT</subfield>
    <subfield code="d">20111213</subfield>
  </datafield>
  <datafield tag="013" ind1=" " ind2=" ">
    <subfield code="a">AT526314</subfield>
    <subfield code="c">T</subfield>
    <subfield code="b">AT</subfield>
    <subfield code="d">20111015</subfield>
  </datafield>
  <datafield tag="013" ind1=" " ind2=" ">
    <subfield code="a">EP1660457</subfield>
    <subfield code="c">B1</subfield>
    <subfield code="b">EP</subfield>
    <subfield code="d">20110928</subfield>
  </datafield>
  <datafield tag="013" ind1=" " ind2=" ">
    <subfield code="a">KR20110091827</subfield>
    <subfield code="c">A</subfield>
    <subfield code="b">KR</subfield>
    <subfield code="d">20110812</subfield>
  </datafield>
  <datafield tag="013" ind1=" " ind2=" ">
    <subfield code="a">CN1839122</subfield>
    <subfield code="c">B</subfield>
    <subfield code="b">CN</subfield>
    <subfield code="d">20101013</subfield>
  </datafield>
  <datafield tag="013" ind1=" " ind2=" ">
    <subfield code="a">CN101817785</subfield>
    <subfield code="c">A</subfield>
    <subfield code="b">CN</subfield>
    <subfield code="d">20100901</subfield>
  </datafield>
  <datafield tag="013" ind1=" " ind2=" ">
    <subfield code="a">US2009143597</subfield>
    <subfield code="c">A1</subfield>
    <subfield code="b">US</subfield>
    <subfield code="d">20090604</subfield>
  </datafield>
  <datafield tag="013" ind1=" " ind2=" ">
    <subfield code="a">AU2004266847</subfield>
    <subfield code="c">B2</subfield>
    <subfield code="b">AU</subfield>
    <subfield code="d">20080807</subfield>
  </datafield>
  <datafield tag="013" ind1=" " ind2=" ">
    <subfield code="a">BRPI0414005</subfield>
    <subfield code="c">A</subfield>
    <subfield code="b">BR</subfield>
    <subfield code="d">20061024</subfield>
  </datafield>
  <datafield tag="013" ind1=" " ind2=" ">
    <subfield code="a">CN1839122</subfield>
    <subfield code="c">A</subfield>
    <subfield code="b">CN</subfield>
    <subfield code="d">20060927</subfield>
  </datafield>
  <datafield tag="013" ind1=" " ind2=" ">
    <subfield code="a">KR20060069470</subfield>
    <subfield code="c">A</subfield>
    <subfield code="b">KR</subfield>
    <subfield code="d">20060621</subfield>
  </datafield>
  <datafield tag="013" ind1=" " ind2=" ">
    <subfield code="a">EP1660457</subfield>
    <subfield code="c">A1</subfield>
    <subfield code="b">EP</subfield>
    <subfield code="d">20060531</subfield>
  </datafield>
  <datafield tag="013" ind1=" " ind2=" ">
    <subfield code="a">MXPA06002214</subfield>
    <subfield code="c">A</subfield>
    <subfield code="b">MX</subfield>
    <subfield code="d">20060427</subfield>
  </datafield>
  <datafield tag="013" ind1=" " ind2=" ">
    <subfield code="a">AU2004266847</subfield>
    <subfield code="c">A1</subfield>
    <subfield code="b">AU</subfield>
    <subfield code="d">20050303</subfield>
  </datafield>
  <datafield tag="013" ind1=" " ind2=" ">
    <subfield code="a">CA2534864</subfield>
    <subfield code="c">A1</subfield>
    <subfield code="b">CA</subfield>
    <subfield code="d">20050303</subfield>
  </datafield>
  <datafield tag="013" ind1=" " ind2=" ">
    <subfield code="a">WO2005019185</subfield>
    <subfield code="c">A1</subfield>
    <subfield code="b">WO</subfield>
    <subfield code="d">20050303</subfield>
  </datafield>
  <datafield tag="013" ind1=" " ind2=" ">
    <subfield code="a">BRPI0414005-A</subfield>
  </datafield>
  <datafield tag="013" ind1=" " ind2=" ">
    <subfield code="a">MXPA06002214-A</subfield>
  </datafield>
  <datafield tag="024" ind1="7" ind2="0">
    <subfield code="a">6.0414</subfield>
    <subfield code="2">TTO</subfield>
  </datafield>
  <datafield tag="024" ind1="7" ind2="0">
    <subfield code="a">34216151</subfield>
    <subfield code="2">EPO Family ID</subfield>
  </datafield>
  <datafield tag="037" ind1=" " ind2=" ">
    <subfield code="a">PATENT</subfield>
  </datafield>
  <datafield tag="245" ind1=" " ind2=" ">
    <subfield code="a">Ionic liquids based on imidazolium salts incorporating a nitrile functionality</subfield>
  </datafield>
  <datafield tag="260" ind1=" " ind2=" ">
    <subfield code="c">2005</subfield>
  </datafield>
  <datafield tag="269" ind1=" " ind2=" ">
    <subfield code="a">2005</subfield>
  </datafield>
  <datafield tag="336" ind1=" " ind2=" ">
    <subfield code="a">Patents</subfield>
  </datafield>
  <datafield tag="520" ind1=" " ind2=" ">
    <subfield code="a">Novel chemical compounds of the general formula K&lt;+>A&lt;->, in which K&lt;+> is a 5- or 6- membered heterocyclic ring having 1-3 hetereo atoms, which can be independently N, S, or 0 with the proviso that at least one of the hetereo atoms must be a quaternized nitrogen atom having a -R'CN substituent, wherein R' is alkyl (C1 to C12) the heterocyclic ring having up to 4 or 5 substituents independently chosen from the moieties: (i) H (ii) halogen or (iii) alkyl (C1 to C12) , which is unsubstituted or partially or fully substituted by further groups, preferably F, Cl, N(CnF(2n+1-x)Hx)2, O(CnF(2n+1-x)Hx), S02(CnF(2n+1-x)Hx)2 or CnF(2n+1-x)Hx where 1&lt;n&lt;6 and 0&lt;x&lt;13 and (iv) a phenyl ring which is unsubstituted or partially or fully substituted by further groups, preferably F, Cl, N(CnF(2n+1-x.)Hx.)2, O(CnF(2n+1-x)Hx), S02(CnF(2n+1-x)Hx)2 or CnF(2n+1-x)Hx where 1&lt;n&lt;6 and 0&lt;X&lt;=13 AND A&lt;-> is any anion that provides a salt with a low melting point, below about 100 DEG C A&lt;-> can be halide, BF4&lt;- >, PF6&lt;->, N03&lt;->, CH3CO2&lt;->, CF3SO3&lt;->, (CF3SO2)2N&lt;->, (CF3SO2)3C&lt;-> CF3CO2&lt;-> or N(CN)2&lt;-> or [BF3RCN]&lt;->. These compounds can be used as industrial solvents, especially as ligands for efficient catalyst recycling.</subfield>
  </datafield>
  <datafield tag="700" ind1=" " ind2=" ">
    <subfield code="a">Dyson, Paul</subfield>
    <subfield code="g">149418</subfield>
    <subfield code="0">240015</subfield>
  </datafield>
  <datafield tag="700" ind1=" " ind2=" ">
    <subfield code="a">Zhao, Dongbin</subfield>
    <subfield code="g">153497</subfield>
    <subfield code="0">240280</subfield>
  </datafield>
  <datafield tag="700" ind1=" " ind2=" ">
    <subfield code="a">Fei, Zhaofu</subfield>
    <subfield code="g">153598</subfield>
    <subfield code="0">240012</subfield>
  </datafield>
  <datafield tag="909" ind1="C" ind2="0">
    <subfield code="p">LCOM</subfield>
    <subfield code="0">252010</subfield>
    <subfield code="x">U9</subfield>
  </datafield>
  <datafield tag="909" ind1="C" ind2="0">
    <subfield code="p">TTO</subfield>
    <subfield code="0">252085</subfield>
    <subfield code="x">U10021</subfield>
  </datafield>
  <datafield tag="909" ind1="C" ind2="O">
    <subfield code="o">oai:infoscience.tind.io:211789</subfield>
    <subfield code="p">SB</subfield>
  </datafield>
  <datafield tag="917" ind1="Z" ind2="8">
    <subfield code="x">135992</subfield>
  </datafield>
  <datafield tag="937" ind1=" " ind2=" ">
    <subfield code="a">EPFL-PATENT-211789</subfield>
  </datafield>
  <datafield tag="973" ind1=" " ind2=" ">
    <subfield code="a">EPFL</subfield>
  </datafield>
  <datafield tag="980" ind1=" " ind2=" ">
    <subfield code="a">PATENT</subfield>
  </datafield>
</record>