
<record>
  <controlfield tag="001">211696</controlfield>
  <controlfield tag="005">20180913063322.0</controlfield>
  <datafield tag="013" ind1=" " ind2=" ">
    <subfield code="a">US2012116703</subfield>
    <subfield code="c">A1</subfield>
    <subfield code="b">US</subfield>
    <subfield code="d">20120510</subfield>
  </datafield>
  <datafield tag="013" ind1=" " ind2=" ">
    <subfield code="a">EP2422242</subfield>
    <subfield code="c">A1</subfield>
    <subfield code="b">EP</subfield>
    <subfield code="d">20120229</subfield>
  </datafield>
  <datafield tag="013" ind1=" " ind2=" ">
    <subfield code="a">WO2010122530</subfield>
    <subfield code="c">A1</subfield>
    <subfield code="b">WO</subfield>
    <subfield code="d">20101028</subfield>
  </datafield>
  <datafield tag="024" ind1="7" ind2="0">
    <subfield code="a">6.0904</subfield>
    <subfield code="2">TTO</subfield>
  </datafield>
  <datafield tag="024" ind1="7" ind2="0">
    <subfield code="a">42370878</subfield>
    <subfield code="2">EPO Family ID</subfield>
  </datafield>
  <datafield tag="037" ind1=" " ind2=" ">
    <subfield code="a">PATENT</subfield>
  </datafield>
  <datafield tag="245" ind1=" " ind2=" ">
    <subfield code="a">A method and apparatus for enhanced spatial bandwidth wavefronts reconstructed from digital interferograms or holograms</subfield>
  </datafield>
  <datafield tag="260" ind1=" " ind2=" ">
    <subfield code="c">2010</subfield>
  </datafield>
  <datafield tag="269" ind1=" " ind2=" ">
    <subfield code="a">2010</subfield>
  </datafield>
  <datafield tag="336" ind1=" " ind2=" ">
    <subfield code="a">Patents</subfield>
  </datafield>
  <datafield tag="520" ind1=" " ind2=" ">
    <subfield code="a">The present invention discloses a method and an apparatus to compute a complex wavefield, referred to as the object wave o, by means of measuring the intensity signal resulting from the interference of the said object wave with a second wave termed the reference wave. The second wave r is assumed to have some non-vanishing mutual coherence with the said object wave o. The reference wave can be obtained from a source or from the object wave itself. The wave may be emitted from sources of variable degree of coherence and can be scattered waves, but also light-emitting molecules, matter waves such as electron beams or acoustical sources. The disclosed method relates to the said "non-linear method" (NLM). The innovation resides in the fact that the NLM improves considerably the bandwidth of the wavefront reconstructed from off-axis interferograms and holograms obtained in a single shot. The advantage is the significant improvement of the resolution of the images obtained from the reconstructed wavefront, i.e. amplitude and phase images. The said method also suppresses the artifacts resulting from the intensity recording of interferograms and holograms. The method is general in the sense that it can be used for any interferometric measurement, provided that it satisfies the simple requirement that the intensity of the reference wave is larger than the intensity of the object wave, and that the object wave modulated by the reference is confined to at least a quadrant of the spectrum. The disclosed method applies to interferometry, holography in optics, electron waves and acoustics. In particular, it can be implemented in phase, fluorescence, luminescence, electron and acoustic microscopy.</subfield>
  </datafield>
  <datafield tag="700" ind1=" " ind2=" ">
    <subfield code="a">Pavillon, Nicolas</subfield>
    <subfield code="g">146896</subfield>
    <subfield code="0">242050</subfield>
  </datafield>
  <datafield tag="700" ind1=" " ind2=" ">
    <subfield code="a">Seelamantula, Chandra</subfield>
  </datafield>
  <datafield tag="700" ind1=" " ind2=" ">
    <subfield code="a">Unser, Michael</subfield>
    <subfield code="g">115227</subfield>
    <subfield code="0">240182</subfield>
  </datafield>
  <datafield tag="700" ind1=" " ind2=" ">
    <subfield code="a">Depeursinge, Christian</subfield>
  </datafield>
  <datafield tag="909" ind1="C" ind2="0">
    <subfield code="p">LIB</subfield>
    <subfield code="0">252054</subfield>
    <subfield code="x">U10347</subfield>
  </datafield>
  <datafield tag="909" ind1="C" ind2="0">
    <subfield code="p">TTO</subfield>
    <subfield code="0">252085</subfield>
    <subfield code="x">U10021</subfield>
  </datafield>
  <datafield tag="909" ind1="C" ind2="O">
    <subfield code="o">oai:infoscience.tind.io:211696</subfield>
    <subfield code="p">STI</subfield>
  </datafield>
  <datafield tag="917" ind1="Z" ind2="8">
    <subfield code="x">115226</subfield>
  </datafield>
  <datafield tag="937" ind1=" " ind2=" ">
    <subfield code="a">EPFL-PATENT-211696</subfield>
  </datafield>
  <datafield tag="973" ind1=" " ind2=" ">
    <subfield code="a">EPFL</subfield>
  </datafield>
  <datafield tag="980" ind1=" " ind2=" ">
    <subfield code="a">PATENT</subfield>
  </datafield>
</record>