
<record>
  <controlfield tag="001">203821</controlfield>
  <controlfield tag="005">20190317000050.0</controlfield>
  <datafield tag="013" ind1=" " ind2=" ">
    <subfield code="a">EP1099505</subfield>
    <subfield code="b">EP</subfield>
    <subfield code="d">20010516</subfield>
  </datafield>
  <datafield tag="024" ind1="7" ind2="0">
    <subfield code="a">9551901</subfield>
    <subfield code="2">EPO Family ID</subfield>
  </datafield>
  <datafield tag="037" ind1=" " ind2=" ">
    <subfield code="a">PATENT</subfield>
  </datafield>
  <datafield tag="245" ind1=" " ind2=" ">
    <subfield code="a">Thermocompression assembling device used to connect together a wire with an IC</subfield>
  </datafield>
  <datafield tag="260" ind1=" " ind2=" ">
    <subfield code="c">2000</subfield>
    <subfield code="b">European Patent Office</subfield>
  </datafield>
  <datafield tag="269" ind1=" " ind2=" ">
    <subfield code="a">2000</subfield>
  </datafield>
  <datafield tag="300" ind1=" " ind2=" ">
    <subfield code="a">7</subfield>
  </datafield>
  <datafield tag="336" ind1=" " ind2=" ">
    <subfield code="a">Patents</subfield>
  </datafield>
  <datafield tag="520" ind1=" " ind2=" ">
    <subfield code="a">The conical diamond is retained in material of specific thermal expansion coefficient to ensure that it is not loosened when the temperature rises. The tool comprises a head which includes a small diamond (2) fixed to a support body (3). The diamond has a conical shape with its base retained in the support body, and its tip projecting freely. The diamond is fastened by a system which avoids the diamond becoming unseated as a result of different thermal expansion of the diamond and base material. This may comprise a seating in the block which is also conical in shape, or may comprises a welding material (5) surrounding the base of the cone, within a recess formed in the block. Materials are chosen such that their respective degrees of thermal expansion do not allow the diamond to become loose when the device is heated.</subfield>
  </datafield>
  <datafield tag="653" ind1="1" ind2=" ">
    <subfield code="a">Thermocompression wire bonding diamond</subfield>
  </datafield>
  <datafield tag="700" ind1=" " ind2=" ">
    <subfield code="a">Van der Meer, Mathijs Pieter</subfield>
  </datafield>
  <datafield tag="856" ind1="4" ind2=" ">
    <subfield code="z">URL</subfield>
    <subfield code="u">http://worldwide.espacenet.com/searchResults?DB=worldwide.espacenet.com&amp;ST=singleline&amp;Submit=Search&amp;bcId=1&amp;locale=en_EP&amp;page=0&amp;query=EP1099505&amp;return=true</subfield>
  </datafield>
  <datafield tag="856" ind1="4" ind2=" ">
    <subfield code="y">n/a</subfield>
    <subfield code="s">473134</subfield>
    <subfield code="z">n/a</subfield>
    <subfield code="u">http://infoscience.epfl.ch/record/203821/files/2000_EP1099505B1.pdf</subfield>
  </datafield>
  <datafield tag="909" ind1="C" ind2="0">
    <subfield code="p">IMX</subfield>
    <subfield code="0">252448</subfield>
    <subfield code="x">U10330</subfield>
  </datafield>
  <datafield tag="909" ind1="C" ind2="O">
    <subfield code="o">oai:infoscience.tind.io:203821</subfield>
    <subfield code="p">STI</subfield>
    <subfield code="q">GLOBAL_SET</subfield>
  </datafield>
  <datafield tag="917" ind1="Z" ind2="8">
    <subfield code="x">104036</subfield>
  </datafield>
  <datafield tag="917" ind1="Z" ind2="8">
    <subfield code="x">148230</subfield>
  </datafield>
  <datafield tag="937" ind1=" " ind2=" ">
    <subfield code="a">EPFL-PATENT-203821</subfield>
  </datafield>
  <datafield tag="973" ind1=" " ind2=" ">
    <subfield code="a">OTHER</subfield>
  </datafield>
  <datafield tag="980" ind1=" " ind2=" ">
    <subfield code="a">PATENT</subfield>
  </datafield>
</record>