
<record>
  <controlfield tag="001">200553</controlfield>
  <controlfield tag="005">20190213065739.0</controlfield>
  <datafield tag="013" ind1=" " ind2=" ">
    <subfield code="a">US Patent Application 2007/0029229      </subfield>
  </datafield>
  <datafield tag="037" ind1=" " ind2=" ">
    <subfield code="a">PATENT</subfield>
  </datafield>
  <datafield tag="245" ind1=" " ind2=" ">
    <subfield code="a">Dewaxing process using zeolites MTT and GON</subfield>
  </datafield>
  <datafield tag="260" ind1=" " ind2=" ">
    <subfield code="a">US</subfield>
    <subfield code="c">2007</subfield>
    <subfield code="b">Chevron</subfield>
  </datafield>
  <datafield tag="269" ind1=" " ind2=" ">
    <subfield code="a">2007</subfield>
  </datafield>
  <datafield tag="336" ind1=" " ind2=" ">
    <subfield code="a">Patents</subfield>
  </datafield>
  <datafield tag="520" ind1=" " ind2=" ">
    <subfield code="a"> Dewaxing process using zeolites mtt and gon. Maesen, Theodorus Ludovicus Michael; Smit, Berend; Beerdsen, Edith. (Chevron U.S.A. Inc., USA). U.S. Pat. Appl. Publ. (2007), 5pp. CODEN: USXXCO US 2007029229 A1 20070208 Patent written in English. Application: US 2006-497932 20060801. Priority: US 2005-706134 20050804. AN 2007:150588 CAPLUS Patent Family Information Patent No. Kind Date Application No. Date US 2007029229 A1 20070208 US 2006-497932 20060801 Priority Application US 2005-706134P P 20050804 Abstract The present invention relates to the use of a combination of zeolites having the MTT and GON framework topologies defined by the connectivity of their tetrahedral atoms as a catalyst in a process for dewaxing hydrocarbon feedstocks.</subfield>
  </datafield>
  <datafield tag="700" ind1=" " ind2=" ">
    <subfield code="a">Maesen, T. L. M.</subfield>
  </datafield>
  <datafield tag="700" ind1=" " ind2=" ">
    <subfield code="a">Beerdsen, E.</subfield>
  </datafield>
  <datafield tag="700" ind1=" " ind2=" ">
    <subfield code="a">Smit, B.</subfield>
    <subfield code="g">242254</subfield>
    <subfield code="0">248290</subfield>
  </datafield>
  <datafield tag="909" ind1="C" ind2="0">
    <subfield code="p">LSMO</subfield>
    <subfield code="0">252509</subfield>
    <subfield code="x">U12939</subfield>
  </datafield>
  <datafield tag="909" ind1="C" ind2="O">
    <subfield code="o">oai:infoscience.tind.io:200553</subfield>
    <subfield code="p">SB</subfield>
  </datafield>
  <datafield tag="937" ind1=" " ind2=" ">
    <subfield code="a">EPFL-PATENT-200553</subfield>
  </datafield>
  <datafield tag="973" ind1=" " ind2=" ">
    <subfield code="a">OTHER</subfield>
    <subfield code="s">PUBLISHED</subfield>
    <subfield code="r">REVIEWED</subfield>
  </datafield>
  <datafield tag="980" ind1=" " ind2=" ">
    <subfield code="a">PATENT</subfield>
  </datafield>
</record>