
<record>
  <controlfield tag="001">147343</controlfield>
  <controlfield tag="005">20190117192801.0</controlfield>
  <datafield tag="013" ind1=" " ind2=" ">
    <subfield code="a">WO2006105985</subfield>
    <subfield code="c">A1</subfield>
    <subfield code="b">WO</subfield>
    <subfield code="d">20061012</subfield>
  </datafield>
  <datafield tag="024" ind1="7" ind2="0">
    <subfield code="a">35063069</subfield>
    <subfield code="2">EPO Family ID</subfield>
  </datafield>
  <datafield tag="024" ind1="7" ind2="0">
    <subfield code="a">6.0577</subfield>
    <subfield code="2">TTO</subfield>
  </datafield>
  <datafield tag="037" ind1=" " ind2=" ">
    <subfield code="a">PATENT</subfield>
  </datafield>
  <datafield tag="245" ind1=" " ind2=" ">
    <subfield code="a">Determining a receptor-ligand interaction useful in e.g. drug screening involves repetitive application of reversibly binding fluorescent ligands with fast association-dissociation kinetics</subfield>
  </datafield>
  <datafield tag="260" ind1=" " ind2=" ">
    <subfield code="c">2006</subfield>
  </datafield>
  <datafield tag="269" ind1=" " ind2=" ">
    <subfield code="a">2006</subfield>
  </datafield>
  <datafield tag="336" ind1=" " ind2=" ">
    <subfield code="a">Patents</subfield>
  </datafield>
  <datafield tag="520" ind1=" " ind2=" ">
    <subfield code="a">NOVELTY - Determining a receptor-ligand interaction involves repeatedly contacting a cell comprising a receptor, with a ligand, of the receptor in which the ligand has a fluorescence labeling group and binds reversibly to the receptor under conditions in which the ligand associates with the receptor and then dissociates; and then repeatedly monitoring the fluorescence of the cell. USE - In a screening procedure for the identification and/or characterization of pharmaceutical drug candidate molecules and for determining a receptor-ligand interaction to allow sensitive measurements on single cells carried out in a microfluidic structure or on a chip (claimed) and can be used to characterize single or multiple cells by determining the presence of receptors or other proteins on the surface of the cells e.g. native cells, multiple cells like tissue sections, genetically modified cells or with cells immobilized on a solid surface, or in a matrix like a gel, or with cells in a liquid medium. ADVANTAGE - The method enables pharmacological investigations to be performed on single cells expressing the natural amount of receptor, which usually is very difficult due to photobleaching. The invention performs fluorescence binding assays, the reversible sequential binding assay that solves problems associated with previous measurements of ligand-receptor interactions by applying repetitively-completely reversible and specific fluorescently labeled ligands with fast association-dissociation kinetics. The new approach overcomes problems related to photobleaching so that cells expressing low amounts of receptors down to the single-molecule level can be investigated. The high sensitivity of the method allows the detection of little abundant proteins, thus enabling characterization of native cells. It can be applied even in the case of strong photobleaching opening the possibility to investigate single cells with low receptor concentrations comparable to native conditions in tissue cells. Furthermore, the influence of stimuli, such as ligands, can be rapidly and repetitively investigated using our reversible binding assay. A key advantage of the measurement approach is that pharmacological investigations can be performed on single cells expressing the natural amount of receptor, which usually is very difficult due to photobleaching. Using repetitive measurements, binding parameters can be extracted and investigations can be performed even when photobleaching becomes extremely strong as it is the case at lowest expression levels. Ultimately, single-molecule sensitivity can be achieved as illustrated on the nAChR. This opens the possibility to perform pharmacological investigations on tissue cells expressing minimal amounts of membrane receptors. By performing repetitive measurements, tenth of image sequences can be acquired to collect extensive statistics within a single experiment. High-throughput screening of potential drugs can be performed on a single cell with a rate only depending on the association-dissociation cycle time, consuming only minimal amount of testing components. One can expect that the use of ligands with faster kinetics could reduce this time down to 5 minutes. In addition, the use of more complex microstructures enables complete binding assays on a single cell or increasing statistics by parallel approaches using only some hundred nano liters of cell suspension. This way, screening more than 250 ligands per day using one single cell extracted from an animal tissue or obtained from a body fluid is a realistic goal.</subfield>
  </datafield>
  <datafield tag="700" ind1=" " ind2=" ">
    <subfield code="a">Schreiter, Christoph</subfield>
    <subfield code="g">138900</subfield>
    <subfield code="0">240643</subfield>
  </datafield>
  <datafield tag="700" ind1=" " ind2=" ">
    <subfield code="a">Segura, Jean-Manuel</subfield>
    <subfield code="g">116233</subfield>
    <subfield code="0">240714</subfield>
  </datafield>
  <datafield tag="700" ind1=" " ind2=" ">
    <subfield code="a">Vogel, Horst</subfield>
    <subfield code="g">106666</subfield>
    <subfield code="0">240645</subfield>
  </datafield>
  <datafield tag="700" ind1=" " ind2=" ">
    <subfield code="a">Hovius, Rudolf</subfield>
    <subfield code="g">105423</subfield>
    <subfield code="0">240613</subfield>
  </datafield>
  <datafield tag="700" ind1=" " ind2=" ">
    <subfield code="a">Martinez, Karen</subfield>
    <subfield code="g">135449</subfield>
    <subfield code="0">243868</subfield>
  </datafield>
  <datafield tag="700" ind1=" " ind2=" ">
    <subfield code="a">Gjoni Boillat, Marinela</subfield>
    <subfield code="g">114913</subfield>
    <subfield code="0">241132</subfield>
  </datafield>
  <datafield tag="909" ind1="C" ind2="0">
    <subfield code="p">LCPPM</subfield>
    <subfield code="0">252153</subfield>
    <subfield code="x">U10170</subfield>
  </datafield>
  <datafield tag="909" ind1="C" ind2="0">
    <subfield code="p">TTO</subfield>
    <subfield code="0">252085</subfield>
    <subfield code="x">U10021</subfield>
  </datafield>
  <datafield tag="909" ind1="C" ind2="O">
    <subfield code="o">oai:infoscience.tind.io:147343</subfield>
    <subfield code="p">SB</subfield>
  </datafield>
  <datafield tag="937" ind1=" " ind2=" ">
    <subfield code="a">EPFL-PATENT-147343</subfield>
  </datafield>
  <datafield tag="973" ind1=" " ind2=" ">
    <subfield code="a">EPFL</subfield>
    <subfield code="s">PUBLISHED</subfield>
  </datafield>
  <datafield tag="980" ind1=" " ind2=" ">
    <subfield code="a">PATENT</subfield>
  </datafield>
</record>