
<record>
  <controlfield tag="001">112592</controlfield>
  <controlfield tag="005">20190111220620.0</controlfield>
  <datafield tag="013" ind1=" " ind2=" ">
    <subfield code="a">EP 07113253.4</subfield>
  </datafield>
  <datafield tag="037" ind1=" " ind2=" ">
    <subfield code="a">PATENT</subfield>
  </datafield>
  <datafield tag="245" ind1=" " ind2=" ">
    <subfield code="a">METHODS AND DEVICE TO QUANTIFY HUMAN PHYSICAL ACTIVITY PATTERN</subfield>
  </datafield>
  <datafield tag="260" ind1=" " ind2=" ">
    <subfield code="c">2007</subfield>
  </datafield>
  <datafield tag="269" ind1=" " ind2=" ">
    <subfield code="a">2007</subfield>
  </datafield>
  <datafield tag="336" ind1=" " ind2=" ">
    <subfield code="a">Patents</subfield>
  </datafield>

  <datafield tag="700" ind1=" " ind2=" ">
    <subfield code="a">Paraschiv-Ionescu, A.</subfield>
    <subfield code="g">134518</subfield>
    <subfield code="0">242453</subfield>
  </datafield>
  <datafield tag="700" ind1=" " ind2=" ">
    <subfield code="a">Aminian, K.</subfield>
    <subfield code="g">104385</subfield>
    <subfield code="0">240167</subfield>
  </datafield>
  <datafield tag="700" ind1=" " ind2=" ">
    <subfield code="a">Buchser, E.</subfield>
  </datafield>
  <datafield tag="909" ind1="C" ind2="O">
    <subfield code="o">oai:infoscience.tind.io:112592</subfield>
    <subfield code="p">STI</subfield>
  </datafield>
  <datafield tag="909" ind1="C" ind2="0">
    <subfield code="p">LMAM</subfield>
    <subfield code="0">252052</subfield>
    <subfield code="x">U10303</subfield>
  </datafield>
  <datafield tag="937" ind1=" " ind2=" ">
    <subfield code="a">LMAM-PATENT-2007-001</subfield>
  </datafield>
  <datafield tag="973" ind1=" " ind2=" ">
    <subfield code="a">EPFL</subfield>
    <subfield code="s">PUBLISHED</subfield>
  </datafield>
  <datafield tag="980" ind1=" " ind2=" ">
    <subfield code="a">PATENT</subfield>
  </datafield>
</record>