
<record>
  <controlfield tag="001">81092</controlfield>
  <controlfield tag="005">20180317093557.0</controlfield>
  <datafield tag="013" ind1=" " ind2=" ">
    <subfield code="a">2001-EP14134 2002046766</subfield>
  </datafield>
  <datafield tag="037" ind1=" " ind2=" ">
    <subfield code="a">PATENT</subfield>
  </datafield>
  <datafield tag="245" ind1=" " ind2=" ">
    <subfield code="a">Bioanalytical reagent, method for production thereof, sensor platforms and detection methods based on use of said bioanalytical reagent</subfield>
  </datafield>
  <datafield tag="260" ind1=" " ind2=" ">
    <subfield code="c">2002</subfield>
    <subfield code="b">(Ecole Polytechnique Federale de Lausanne, Switz.; Zeptosens A.-G.).</subfield>
  </datafield>
  <datafield tag="269" ind1=" " ind2=" ">
    <subfield code="a">2002</subfield>
  </datafield>
  <datafield tag="336" ind1=" " ind2=" ">
    <subfield code="a">Patents</subfield>
  </datafield>
  <datafield tag="520" ind1=" " ind2=" ">
    <subfield code="a">The invention relates to various embodiments of a bioanal. reagent with at least one vesicle, generated from a living cell, and at least one receptor for study of signal transduction. The invention further relates to methods for prodn. of said bioanal. reagent, application of a bioanal. detection technique based on this reagent, and use of this detection method and the bioanal. reagent. Examples include detection of the ligand binding capability of 5HT3A-receptors and the induction of ion channel activity of 5HT3A-receptors after the binding of a specific ligand. [on SciFinder (R)]</subfield>
  </datafield>
  <datafield tag="700" ind1=" " ind2=" ">
    <subfield code="a">Vogel, Horst</subfield>
    <subfield code="g">106666</subfield>
    <subfield code="0">240645</subfield>
  </datafield>
  <datafield tag="700" ind1=" " ind2=" ">
    <subfield code="a">Pick, Horst M.</subfield>
    <subfield code="g">110882</subfield>
    <subfield code="0">241004</subfield>
  </datafield>
  <datafield tag="700" ind1=" " ind2=" ">
    <subfield code="a">Preuss, Axel K.</subfield>
  </datafield>
  <datafield tag="700" ind1=" " ind2=" ">
    <subfield code="a">Tairi, Ana-Paula</subfield>
    <subfield code="g">104963</subfield>
    <subfield code="0">241326</subfield>
  </datafield>
  <datafield tag="700" ind1=" " ind2=" ">
    <subfield code="a">Schmid-Osborne, Evelyne</subfield>
  </datafield>
  <datafield tag="700" ind1=" " ind2=" ">
    <subfield code="a">Pawlak, Michael</subfield>
  </datafield>
  <datafield tag="909" ind1="C" ind2="O">
    <subfield code="o">oai:infoscience.tind.io:81092</subfield>
    <subfield code="p">SB</subfield>
  </datafield>
  <datafield tag="909" ind1="C" ind2="0">
    <subfield code="p">LCPPM</subfield>
    <subfield code="0">252153</subfield>
    <subfield code="x">U10170</subfield>
  </datafield>
  <datafield tag="937" ind1=" " ind2=" ">
    <subfield code="a">LCPPM-PATENT-2002-001</subfield>
  </datafield>
  <datafield tag="970" ind1=" " ind2=" ">
    <subfield code="a">141/LCPPM</subfield>
  </datafield>
  <datafield tag="973" ind1=" " ind2=" ">
    <subfield code="a">EPFL</subfield>
    <subfield code="s">PUBLISHED</subfield>
  </datafield>
  <datafield tag="980" ind1=" " ind2=" ">
    <subfield code="a">PATENT</subfield>
  </datafield>
</record>