
<record>
  <controlfield tag="001">81070</controlfield>
  <controlfield tag="005">20180317093557.0</controlfield>
  <datafield tag="013" ind1=" " ind2=" ">
    <subfield code="a">97-IB920 9905509</subfield>
  </datafield>
  <datafield tag="037" ind1=" " ind2=" ">
    <subfield code="a">PATENT</subfield>
  </datafield>
  <datafield tag="245" ind1=" " ind2=" ">
    <subfield code="a">Detection and investigation of biological molecules at or in self-assembled monolayers on metal surfaces using Fourier transform infrared spectroscopy</subfield>
  </datafield>
  <datafield tag="260" ind1=" " ind2=" ">
    <subfield code="c">1999</subfield>
    <subfield code="b">(Ecole Polytechnique Federale de Lausanne, Switz.).</subfield>
  </datafield>
  <datafield tag="269" ind1=" " ind2=" ">
    <subfield code="a">1999</subfield>
  </datafield>
  <datafield tag="336" ind1=" " ind2=" ">
    <subfield code="a">Patents</subfield>
  </datafield>
  <datafield tag="520" ind1=" " ind2=" ">
    <subfield code="a">Methods and app. to study biol. mols. or biol. components at or in self-assembled monolayers (SAMs) on metal surfaces such as gold in aq. environments using attenuated total internal reflection Fourier transform infra-red (ATR-FTIR) spectroscopy are described. The method may be used for, e.g., the screening for effective substances suitable as agonists or antagonists or - if performed time resolved - for studying kinetics of interactions of, e.g., biol. mols. adsorption and desorption processes or for the development of materials and surfaces for biol. or medical applications. The binding reactions of an anti-lysozyme Fab fragment bearing a hexahistidine extension at the C-terminus of the heavy chain were studied using a nickel-charged CTA SAM on a gold-coated germanium ATR element. [on SciFinder (R)]</subfield>
  </datafield>
  <datafield tag="700" ind1=" " ind2=" ">
    <subfield code="a">Vogel, Horst</subfield>
    <subfield code="g">106666</subfield>
    <subfield code="0">240645</subfield>
  </datafield>
  <datafield tag="700" ind1=" " ind2=" ">
    <subfield code="a">Keller, Thomas</subfield>
  </datafield>
  <datafield tag="700" ind1=" " ind2=" ">
    <subfield code="a">Liley, Martha</subfield>
  </datafield>
  <datafield tag="909" ind1="C" ind2="O">
    <subfield code="o">oai:infoscience.tind.io:81070</subfield>
    <subfield code="p">SB</subfield>
  </datafield>
  <datafield tag="909" ind1="C" ind2="0">
    <subfield code="p">LCPPM</subfield>
    <subfield code="0">252153</subfield>
    <subfield code="x">U10170</subfield>
  </datafield>
  <datafield tag="937" ind1=" " ind2=" ">
    <subfield code="a">LCPPM-PATENT-1999-001</subfield>
  </datafield>
  <datafield tag="970" ind1=" " ind2=" ">
    <subfield code="a">17/LCPPM</subfield>
  </datafield>
  <datafield tag="973" ind1=" " ind2=" ">
    <subfield code="a">EPFL</subfield>
    <subfield code="s">PUBLISHED</subfield>
  </datafield>
  <datafield tag="980" ind1=" " ind2=" ">
    <subfield code="a">PATENT</subfield>
  </datafield>
</record>