
<record>
  <controlfield tag="001">81033</controlfield>
  <controlfield tag="005">20180317093557.0</controlfield>
  <datafield tag="013" ind1=" " ind2=" ">
    <subfield code="a">96-IB496 9638726</subfield>
  </datafield>
  <datafield tag="037" ind1=" " ind2=" ">
    <subfield code="a">PATENT</subfield>
  </datafield>
  <datafield tag="245" ind1=" " ind2=" ">
    <subfield code="a">Covalently immobilized phospholipid bilayers on solid surfaces</subfield>
  </datafield>
  <datafield tag="260" ind1=" " ind2=" ">
    <subfield code="c">1996</subfield>
    <subfield code="b">(Ecole Polytechnique Federale De Lausanne (Epfl), Switz.; Heyse, Stephan; Saenger, Michael; Sigrist, Hans; Vogel, Horst).</subfield>
  </datafield>
  <datafield tag="269" ind1=" " ind2=" ">
    <subfield code="a">1996</subfield>
  </datafield>
  <datafield tag="336" ind1=" " ind2=" ">
    <subfield code="a">Patents</subfield>
  </datafield>
  <datafield tag="520" ind1=" " ind2=" ">
    <subfield code="a">A solid coated device is disclosed that has covalently attached a coating which comprises a first layer contg. first functional groups, to which first layer functional groups is covalently attached a second, linking layer carrying second functional groups, to which second, linking layer is covalently attached a third, proximal phospholipid layer, to which third, proximal phospholipid layer is noncovalently attached a fourth, distal lipid layer, so that the proximal and the distal lipid layers together form a bilayer, into which lipid bilayer are optionally inserted receptor mols. A method for prepn. of the bilayers and uses thereof as biosensors or implantation devices also are disclosed. [on SciFinder (R)]</subfield>
  </datafield>
  <datafield tag="700" ind1=" " ind2=" ">
    <subfield code="a">Heyse, Stephan</subfield>
  </datafield>
  <datafield tag="700" ind1=" " ind2=" ">
    <subfield code="a">Saenger, Michael</subfield>
  </datafield>
  <datafield tag="700" ind1=" " ind2=" ">
    <subfield code="a">Sigrist, Hans</subfield>
  </datafield>
  <datafield tag="700" ind1=" " ind2=" ">
    <subfield code="a">Vogel, Horst</subfield>
    <subfield code="g">106666</subfield>
    <subfield code="0">240645</subfield>
  </datafield>
  <datafield tag="909" ind1="C" ind2="O">
    <subfield code="o">oai:infoscience.tind.io:81033</subfield>
    <subfield code="p">SB</subfield>
  </datafield>
  <datafield tag="909" ind1="C" ind2="0">
    <subfield code="p">LCPPM</subfield>
    <subfield code="0">252153</subfield>
    <subfield code="x">U10170</subfield>
  </datafield>
  <datafield tag="937" ind1=" " ind2=" ">
    <subfield code="a">LCPPM-PATENT-1996-001</subfield>
  </datafield>
  <datafield tag="970" ind1=" " ind2=" ">
    <subfield code="a">44/LCPPM</subfield>
  </datafield>
  <datafield tag="973" ind1=" " ind2=" ">
    <subfield code="a">EPFL</subfield>
    <subfield code="s">PUBLISHED</subfield>
  </datafield>
  <datafield tag="980" ind1=" " ind2=" ">
    <subfield code="a">PATENT</subfield>
  </datafield>
</record>