
<record>
  <controlfield tag="001">79755</controlfield>
  <controlfield tag="005">20180317094502.0</controlfield>
  <datafield tag="013" ind1=" " ind2=" ">
    <subfield code="a">86-810463 221022</subfield>
  </datafield>
  <datafield tag="037" ind1=" " ind2=" ">
    <subfield code="a">PATENT</subfield>
  </datafield>
  <datafield tag="245" ind1=" " ind2=" ">
    <subfield code="a">Process for the preparation of 5-nitro-1,4-naphthoquinones</subfield>
  </datafield>
  <datafield tag="260" ind1=" " ind2=" ">
    <subfield code="c">1987</subfield>
    <subfield code="b">(Ciba-Geigy A.-G., Switz.).</subfield>
  </datafield>
  <datafield tag="269" ind1=" " ind2=" ">
    <subfield code="a">1987</subfield>
  </datafield>
  <datafield tag="336" ind1=" " ind2=" ">
    <subfield code="a">Patents</subfield>
  </datafield>
  <datafield tag="520" ind1=" " ind2=" ">
    <subfield code="a">Title compds. I (R = H, C1-4 alkyl or alkoxy), useful as dye intermediates, are prepd. by oxidn. of nitronaphthalenes with Mn2(SO4)3. A melt contg. 173 parts 1-nitronaphthalene was treated over 30 min with 2200 parts of an aq. 36% Mn2(SO4)3-H2SO4 soln. which contained 0.9% Ce2(SO4)3. The mixt. was stirred at 60 Deg and after work-up gave .apprx.55% I (R = H) of 90-95% purity. [on SciFinder (R)]</subfield>
  </datafield>
  <datafield tag="700" ind1=" " ind2=" ">
    <subfield code="a">Comninellis, Christos</subfield>
    <subfield code="g">104807</subfield>
    <subfield code="0">240416</subfield>
  </datafield>
  <datafield tag="700" ind1=" " ind2=" ">
    <subfield code="a">Osterwalder, Robert Ulrich</subfield>
  </datafield>
  <datafield tag="700" ind1=" " ind2=" ">
    <subfield code="a">Plattner, Eric</subfield>
  </datafield>
  <datafield tag="700" ind1=" " ind2=" ">
    <subfield code="a">Seifert, Gottfried</subfield>
  </datafield>
  <datafield tag="909" ind1="C" ind2="0">
    <subfield code="p">GGEC</subfield>
    <subfield code="0">252005</subfield>
    <subfield code="x">U10173</subfield>
  </datafield>
  <datafield tag="937" ind1=" " ind2=" ">
    <subfield code="a">GGEC-PATENT-1987-001</subfield>
  </datafield>
  <datafield tag="970" ind1=" " ind2=" ">
    <subfield code="a">58/GGEC</subfield>
  </datafield>
  <datafield tag="973" ind1=" " ind2=" ">
    <subfield code="a">EPFL</subfield>
    <subfield code="s">PUBLISHED</subfield>
  </datafield>
  <datafield tag="980" ind1=" " ind2=" ">
    <subfield code="a">PATENT</subfield>
  </datafield>
</record>