
<record>
  <controlfield tag="001">253487</controlfield>
  <controlfield tag="005">20180913064721.0</controlfield>
  <datafield tag="013" ind1=" " ind2=" ">
    <subfield code="a">US15475858</subfield>
    <subfield code="b">A</subfield>
  </datafield>
  <datafield tag="037" ind1=" " ind2=" ">
    <subfield code="a">PATENT</subfield>
  </datafield>
  <datafield tag="245" ind1=" " ind2=" ">
    <subfield code="a">In-situ property determination</subfield>
  </datafield>
  <datafield tag="260" ind1=" " ind2=" ">
    <subfield code="c">2017-07-20</subfield>
  </datafield>
  <datafield tag="269" ind1=" " ind2=" ">
    <subfield code="a">2017-07-20</subfield>
  </datafield>
  <datafield tag="336" ind1=" " ind2=" ">
    <subfield code="a">Patents</subfield>
  </datafield>
  <datafield tag="520" ind1=" " ind2=" ">
    <subfield code="a">In one possible implementation an in-situ property determination system includes a displacement tool configured for use in a wellbore. The displacement tool includes four or more pads symmetrically located about an axis of the displacement tool, with each pad having a contact surface configured to contact a wall of the wellbore. The four or more pads can extend from a first position proximate an outer surface of the displacement tool to a second position in contact with the wall of the wellbore such that the four or more pads deform the wellbore into an at least approximately circular cross section. The system also includes a recordation device to record force displacement information associated with extending the four or more pads from the first position to the second position.</subfield>
  </datafield>
  <datafield tag="700" ind1=" " ind2=" ">
    <subfield code="0">249164</subfield>
    <subfield code="a">Lecampion, Brice</subfield>
  </datafield>
  <datafield tag="700" ind1=" " ind2=" ">
    <subfield code="a">Siebrits, Eduard</subfield>
  </datafield>
  <datafield tag="700" ind1=" " ind2=" ">
    <subfield code="a">Prioul, Romain</subfield>
  </datafield>
  <datafield tag="710" ind1=" " ind2=" ">
    <subfield code="a">Schlumberger</subfield>
  </datafield>
  <datafield tag="720" ind1=" " ind2="5">
    <subfield code="a">Schlumberger Limited</subfield>
    <subfield code="e">"app."</subfield>
  </datafield>
  <datafield tag="856" ind1="0" ind2=" ">
    <subfield code="f">brice.lecampion@epfl.ch</subfield>
  </datafield>
  <datafield tag="909" ind1="C" ind2="0">
    <subfield code="0">252543</subfield>
    <subfield code="p">GEL</subfield>
    <subfield code="z">Pasquier, Simon</subfield>
    <subfield code="m">brice.lecampion@epfl.ch</subfield>
    <subfield code="x">U13064</subfield>
  </datafield>
  <datafield tag="909" ind1="C" ind2="O">
    <subfield code="o">oai:infoscience.epfl.ch:253487</subfield>
    <subfield code="p">ENAC</subfield>
  </datafield>
  <datafield tag="960" ind1=" " ind2=" ">
    <subfield code="a">brice.lecampion@epfl.ch</subfield>
  </datafield>
  <datafield tag="961" ind1=" " ind2=" ">
    <subfield code="a">laurence.gauvin@epfl.ch</subfield>
  </datafield>
  <datafield tag="973" ind1=" " ind2=" ">
    <subfield code="a">OTHER</subfield>
  </datafield>
  <datafield tag="980" ind1=" " ind2=" ">
    <subfield code="a">PATENT</subfield>
  </datafield>
  <datafield tag="981" ind1=" " ind2=" ">
    <subfield code="a">overwrite</subfield>
  </datafield>
</record>