
<record>
  <controlfield tag="001">231290</controlfield>
  <controlfield tag="005">20190507143833.0</controlfield>
  <datafield tag="013" ind1=" " ind2=" ">
    <subfield code="a">WO2017158526</subfield>
    <subfield code="c">A1</subfield>
    <subfield code="b">WO</subfield>
    <subfield code="d">20170921</subfield>
  </datafield>
  <datafield tag="013" ind1=" " ind2=" ">
    <subfield code="a">WO2017158399</subfield>
    <subfield code="c">A1</subfield>
    <subfield code="b">WO</subfield>
    <subfield code="d">20170921</subfield>
  </datafield>
  <datafield tag="024" ind1="7" ind2="0">
    <subfield code="a">55538307</subfield>
    <subfield code="2">EPO Family ID</subfield>
  </datafield>
  <datafield tag="024" ind1="7" ind2="0">
    <subfield code="a">6.1509</subfield>
    <subfield code="2">TTO</subfield>
  </datafield>
  <datafield tag="037" ind1=" " ind2=" ">
    <subfield code="a">PATENT</subfield>
  </datafield>
  <datafield tag="245" ind1=" " ind2=" ">
    <subfield code="a">Thermal water purification system and method for operating said system</subfield>
  </datafield>
  <datafield tag="260" ind1=" " ind2=" ">
    <subfield code="c">2017</subfield>
  </datafield>
  <datafield tag="269" ind1=" " ind2=" ">
    <subfield code="a">2017</subfield>
  </datafield>
  <datafield tag="336" ind1=" " ind2=" ">
    <subfield code="a">Patents</subfield>
  </datafield>
  <datafield tag="520" ind1=" " ind2=" ">
    <subfield code="a">The present invention relates to a thermal water purification system (10) for producing a distillate liquid from a raw liquid (LP, LB) comprising: - a plurality of distilling units (1 a-1h) which are consecutively flowed through by the raw feed liquid (LP, LB); wherein each distilling unit (1a-1h) comprises one boiling liquid section (2) and one vapor section (3) adjacent thereto; wherein any two consecutive distilling units, respectively an upstream distilling unit (1 a) and a downstream distilling unit (1b), are implemented such that the boiling liquid section (2) of the downstream distilling unit (1b) is separated from the vapor section (3) of the upstream distilling unit (1a) by a liquid-tight and vapor-tight separation plate (6) and from the vapor section (3) of the downstream distilling unit (1b) by a liquid-tight and vapor-permeable membrane (7); - a plurality of heat exchanger tubes (8) adapted to boil the raw feed liquid (LB) inside the boiling liquid sections (2); - a plurality of preheating tubes (9) adapted to preheat the raw feed liquid (LP) before it flows inside the boiling liquid sections (2).</subfield>
  </datafield>
  <datafield tag="700" ind1=" " ind2=" ">
    <subfield code="a">Ong, Chin Lee</subfield>
    <subfield code="0">249020</subfield>
    <subfield code="g">168719</subfield>
  </datafield>
  <datafield tag="700" ind1=" " ind2=" ">
    <subfield code="a">Thome, John R</subfield>
  </datafield>
  <datafield tag="909" ind1="C" ind2="0">
    <subfield code="p">TTO</subfield>
    <subfield code="0">252085</subfield>
    <subfield code="x">U10021</subfield>
  </datafield>
  <datafield tag="937" ind1=" " ind2=" ">
    <subfield code="a">EPFL-PATENT-231290</subfield>
  </datafield>
  <datafield tag="973" ind1=" " ind2=" ">
    <subfield code="a">EPFL</subfield>
  </datafield>
  <datafield tag="980" ind1=" " ind2=" ">
    <subfield code="a">PATENT</subfield>
  </datafield>
</record>