
<record>
  <controlfield tag="001">229089</controlfield>
  <controlfield tag="005">20180317092338.0</controlfield>
  <datafield tag="013" ind1=" " ind2=" ">
    <subfield code="a">JP2003240755</subfield>
    <subfield code="c">A</subfield>
    <subfield code="b">JP</subfield>
    <subfield code="d">20030827</subfield>
  </datafield>
  <datafield tag="024" ind1="7" ind2="0">
    <subfield code="a">27773306</subfield>
    <subfield code="2">EPO Family ID</subfield>
  </datafield>
  <datafield tag="024" ind1="7" ind2="0">
    <subfield code="a">6.0330</subfield>
    <subfield code="2">TTO</subfield>
  </datafield>
  <datafield tag="037" ind1=" " ind2=" ">
    <subfield code="a">PATENT</subfield>
  </datafield>
  <datafield tag="245" ind1=" " ind2=" ">
    <subfield code="a">Microchip comprising transparent hydrocarbon-based polymer</subfield>
  </datafield>
  <datafield tag="260" ind1=" " ind2=" ">
    <subfield code="c">2003</subfield>
  </datafield>
  <datafield tag="269" ind1=" " ind2=" ">
    <subfield code="a">2003</subfield>
  </datafield>
  <datafield tag="336" ind1=" " ind2=" ">
    <subfield code="a">Patents</subfield>
  </datafield>
  <datafield tag="520" ind1=" " ind2=" ">
    <subfield code="a">PROBLEM TO BE SOLVED: To provide a microchip made of a resin with a microchannel with a channel sealed by an upper substrate which is transparent and absorbs little in ultraviolet region, is minute and has satisfactory surface smoothness, and is high in dimension accuracy. ;SOLUTION: The microchip for optically measuring a liquid sample has at least both a lower substrate with the microchannel through which the liquid sample flows and the upper substrate made of a flat film. At least the lower substrate is made of a transparent hydrocarbon-based polymer expressed by Fig. (1). At least the surface of the lower substrate on the side with the channel is treated with oxygen plasma, and then the lower substrate and the upper substrate are subjected to thermocompression bonding at temperatures lower than the glass-transition temperature (Tg) of the transparent hydrocarbon-based polymer to obtain the microchip. ;COPYRIGHT: (C)2003,JPO</subfield>
  </datafield>
  <datafield tag="700" ind1=" " ind2=" ">
    <subfield code="a">Giraut, Hubert H</subfield>
  </datafield>
  <datafield tag="700" ind1=" " ind2=" ">
    <subfield code="a">Natori, Itaru</subfield>
  </datafield>
  <datafield tag="909" ind1="C" ind2="0">
    <subfield code="p">TTO</subfield>
    <subfield code="0">252085</subfield>
    <subfield code="x">U10021</subfield>
  </datafield>
  <datafield tag="937" ind1=" " ind2=" ">
    <subfield code="a">EPFL-PATENT-229089</subfield>
  </datafield>
  <datafield tag="973" ind1=" " ind2=" ">
    <subfield code="a">EPFL</subfield>
  </datafield>
  <datafield tag="980" ind1=" " ind2=" ">
    <subfield code="a">PATENT</subfield>
  </datafield>
</record>