
<record>
  <controlfield tag="001">228371</controlfield>
  <controlfield tag="005">20180913064333.0</controlfield>
  <datafield tag="013" ind1=" " ind2=" ">
    <subfield code="a">US2015265157</subfield>
    <subfield code="c">A1</subfield>
    <subfield code="b">US</subfield>
    <subfield code="d">20150924</subfield>
  </datafield>
  <datafield tag="024" ind1="7" ind2="0">
    <subfield code="a">54140909</subfield>
    <subfield code="2">EPO Family ID</subfield>
  </datafield>
  <datafield tag="024" ind1="7" ind2="0">
    <subfield code="a">6.1174</subfield>
    <subfield code="2">TTO</subfield>
  </datafield>
  <datafield tag="037" ind1=" " ind2=" ">
    <subfield code="a">PATENT</subfield>
  </datafield>
  <datafield tag="245" ind1=" " ind2=" ">
    <subfield code="a">Method and apparatus for a photoacoustic probe using a multimode fiber</subfield>
  </datafield>
  <datafield tag="260" ind1=" " ind2=" ">
    <subfield code="c">2015</subfield>
  </datafield>
  <datafield tag="269" ind1=" " ind2=" ">
    <subfield code="a">2015</subfield>
  </datafield>
  <datafield tag="336" ind1=" " ind2=" ">
    <subfield code="a">Patents</subfield>
  </datafield>
  <datafield tag="520" ind1=" " ind2=" ">
    <subfield code="a">This invention is a method and apparatus to pick up a photoacoustic signal purely via optical means and via an endoscope. The photoacoustic endoscope invention relies only on optical excitation and detection methods. A light focus spot generates a photoacoustic signal at the distal end of a multimode fiber endoscope. A membrane is positioned at the distal end whose vibration is excited by the acoustic signal. A light beam brought at the distal end of the multimode endoscope via the single mode core of a dual clad multimode fiber is reflected by the said vibrating membrane. The light reflected is capture by the multimode core of the dual clad fiber and propagates to the proximal end. The speckle pattern thus generated at the proximal end depends on the membrane acoustic vibration. By correlating the speckle pattern with a known reference pattern stored prior to the generation of the photoacoustic signal, the signal can be sent to a single detector for the purpose of collecting more power and for detecting the fast acoustic signal which is in the range of Mhz to several tens of MHz.</subfield>
  </datafield>
  <datafield tag="700" ind1=" " ind2=" ">
    <subfield code="a">Psaltis, Demetri</subfield>
    <subfield code="g">174684</subfield>
    <subfield code="0">244715</subfield>
  </datafield>
  <datafield tag="700" ind1=" " ind2=" ">
    <subfield code="a">Moser, Christophe</subfield>
    <subfield code="g">199130</subfield>
    <subfield code="0">243489</subfield>
  </datafield>
  <datafield tag="909" ind1="C" ind2="0">
    <subfield code="p">TTO</subfield>
    <subfield code="0">252085</subfield>
    <subfield code="x">U10021</subfield>
  </datafield>
  <datafield tag="909" ind1="C" ind2="0">
    <subfield code="p">LO</subfield>
    <subfield code="0">252333</subfield>
    <subfield code="x">U11723</subfield>
  </datafield>
  <datafield tag="909" ind1="C" ind2="O">
    <subfield code="o">oai:infoscience.tind.io:228371</subfield>
    <subfield code="p">STI</subfield>
  </datafield>
  <datafield tag="917" ind1="Z" ind2="8">
    <subfield code="x">282856</subfield>
  </datafield>
  <datafield tag="937" ind1=" " ind2=" ">
    <subfield code="a">EPFL-PATENT-228371</subfield>
  </datafield>
  <datafield tag="973" ind1=" " ind2=" ">
    <subfield code="a">EPFL</subfield>
  </datafield>
  <datafield tag="980" ind1=" " ind2=" ">
    <subfield code="a">PATENT</subfield>
  </datafield>
</record>