
<record>
  <controlfield tag="001">215990</controlfield>
  <controlfield tag="005">20190317000407.0</controlfield>
  <datafield tag="013" ind1=" " ind2=" ">
    <subfield code="a">US 20140253734 A1</subfield>
  </datafield>
  <datafield tag="037" ind1=" " ind2=" ">
    <subfield code="a">PATENT</subfield>
  </datafield>
  <datafield tag="245" ind1=" " ind2=" ">
    <subfield code="a">Image acquisition method and system</subfield>
  </datafield>
  <datafield tag="260" ind1=" " ind2=" ">
    <subfield code="c">2014</subfield>
  </datafield>
  <datafield tag="269" ind1=" " ind2=" ">
    <subfield code="a">2014</subfield>
  </datafield>
  <datafield tag="336" ind1=" " ind2=" ">
    <subfield code="a">Patents</subfield>
  </datafield>
  <datafield tag="520" ind1=" " ind2=" ">
    <subfield code="a">A method of acquiring an image of a scene illuminated by a first beam, by means of a sensor including at least two pixels, including the steps of: a) for each pixel, reading a first output value of the pixel representative of the intensity of the radiation received by the pixel during a first integration period during which the sensor is illuminated by a second beam coherent with the first beam; and b) for each pixel, reading a second output value of the pixel representative of the intensity of the radiation received by the pixel during a second integration period during which the sensor is not illuminated by the second beam, wherein steps a) and b) are repeated a plurality of times by changing, between two successive iterations, the angle of incidence or a phase parameter of the second beam.</subfield>
  </datafield>
  <datafield tag="700" ind1=" " ind2=" ">
    <subfield code="a">Boukhayma, Assim</subfield>
    <subfield code="g">230866</subfield>
    <subfield code="0">248843</subfield>
  </datafield>
  <datafield tag="856" ind1="4" ind2=" ">
    <subfield code="y">n/a</subfield>
    <subfield code="s">1009669</subfield>
    <subfield code="z">n/a</subfield>
    <subfield code="u">http://infoscience.epfl.ch/record/215990/files/US20140253734.pdf</subfield>
  </datafield>
  <datafield tag="909" ind1="C" ind2="0">
    <subfield code="p">ICLAB</subfield>
    <subfield code="0">252498</subfield>
    <subfield code="x">U12701</subfield>
  </datafield>
  <datafield tag="909" ind1="C" ind2="O">
    <subfield code="o">oai:infoscience.tind.io:215990</subfield>
    <subfield code="p">STI</subfield>
    <subfield code="q">GLOBAL_SET</subfield>
  </datafield>
  <datafield tag="917" ind1="Z" ind2="8">
    <subfield code="x">230866</subfield>
  </datafield>
  <datafield tag="937" ind1=" " ind2=" ">
    <subfield code="a">EPFL-PATENT-215990</subfield>
  </datafield>
  <datafield tag="973" ind1=" " ind2=" ">
    <subfield code="a">OTHER</subfield>
  </datafield>
  <datafield tag="980" ind1=" " ind2=" ">
    <subfield code="a">PATENT</subfield>
  </datafield>
</record>