
<record>
  <controlfield tag="001">211678</controlfield>
  <controlfield tag="005">20180913063322.0</controlfield>
  <datafield tag="013" ind1=" " ind2=" ">
    <subfield code="a">US7995599</subfield>
    <subfield code="c">B2</subfield>
    <subfield code="b">US</subfield>
    <subfield code="d">20110809</subfield>
  </datafield>
  <datafield tag="013" ind1=" " ind2=" ">
    <subfield code="a">US2010080124</subfield>
    <subfield code="c">A1</subfield>
    <subfield code="b">US</subfield>
    <subfield code="d">20100401</subfield>
  </datafield>
  <datafield tag="013" ind1=" " ind2=" ">
    <subfield code="a">WO2008038235</subfield>
    <subfield code="c">A3</subfield>
    <subfield code="b">WO</subfield>
    <subfield code="d">20080612</subfield>
  </datafield>
  <datafield tag="013" ind1=" " ind2=" ">
    <subfield code="a">WO2008038235</subfield>
    <subfield code="c">A2</subfield>
    <subfield code="b">WO</subfield>
    <subfield code="d">20080403</subfield>
  </datafield>
  <datafield tag="024" ind1="7" ind2="0">
    <subfield code="a">6.0691.2</subfield>
    <subfield code="2">TTO</subfield>
  </datafield>
  <datafield tag="024" ind1="7" ind2="0">
    <subfield code="a">39027126</subfield>
    <subfield code="2">EPO Family ID</subfield>
  </datafield>
  <datafield tag="037" ind1=" " ind2=" ">
    <subfield code="a">PATENT</subfield>
  </datafield>
  <datafield tag="245" ind1=" " ind2=" ">
    <subfield code="a">Method to manage the load of peripheral elements within a multicore system</subfield>
  </datafield>
  <datafield tag="260" ind1=" " ind2=" ">
    <subfield code="c">2008</subfield>
  </datafield>
  <datafield tag="269" ind1=" " ind2=" ">
    <subfield code="a">2008</subfield>
  </datafield>
  <datafield tag="336" ind1=" " ind2=" ">
    <subfield code="a">Patents</subfield>
  </datafield>
  <datafield tag="520" ind1=" " ind2=" ">
    <subfield code="a">The aim of the present invention is to propose a method to provide reliability, power management and load balancing support for multicore systems based on Networks- on-Chip (NoCs) as well as a way to efficiently implement architectural support for this method by introducing complex packet handling mechanisms achieved by modifying the basic network interfaces attached to the cores of multicore computation systems. The present invention provides also a solution in interrupt-based support in NoCs for multicore computation systems against transient failures or other system-level issues while the system is executing a certain application. It also proposes policies to leverage the proposed hardware extensions. This aim is achieved thanks to a method to manage the load of peripheral elements within a multicore system, said multicore system comprising several processing cores accessing peripheral elements through a Network on Chip (NoC), each processing unit and peripheral element attached to a Network Interface in charge of formatting and driving the packets sent to or received from the Network on Chip, wherein, while considering at least two peripheral elements having a similar function, the Network Interface dedicated to a first peripheral element reroutes the incoming packets to a second Network Interface dedicated to a second peripheral element.</subfield>
  </datafield>
  <datafield tag="700" ind1=" " ind2=" ">
    <subfield code="a">Angiolini, Federico</subfield>
    <subfield code="g">169841</subfield>
    <subfield code="0">241996</subfield>
  </datafield>
  <datafield tag="700" ind1=" " ind2=" ">
    <subfield code="a">Atienza Alonso, David</subfield>
    <subfield code="g">169199</subfield>
    <subfield code="0">240268</subfield>
  </datafield>
  <datafield tag="700" ind1=" " ind2=" ">
    <subfield code="a">De Micheli, Giovanni</subfield>
    <subfield code="g">167918</subfield>
    <subfield code="0">240269</subfield>
  </datafield>
  <datafield tag="909" ind1="C" ind2="0">
    <subfield code="p">LSI1</subfield>
    <subfield code="0">252283</subfield>
    <subfield code="x">U11140</subfield>
  </datafield>
  <datafield tag="909" ind1="C" ind2="0">
    <subfield code="p">TTO</subfield>
    <subfield code="0">252085</subfield>
    <subfield code="x">U10021</subfield>
  </datafield>
  <datafield tag="909" ind1="C" ind2="O">
    <subfield code="o">oai:infoscience.tind.io:211678</subfield>
    <subfield code="p">IC</subfield>
    <subfield code="p">STI</subfield>
  </datafield>
  <datafield tag="917" ind1="Z" ind2="8">
    <subfield code="x">112915</subfield>
  </datafield>
  <datafield tag="937" ind1=" " ind2=" ">
    <subfield code="a">EPFL-PATENT-211678</subfield>
  </datafield>
  <datafield tag="973" ind1=" " ind2=" ">
    <subfield code="a">EPFL</subfield>
  </datafield>
  <datafield tag="980" ind1=" " ind2=" ">
    <subfield code="a">PATENT</subfield>
  </datafield>
</record>