
<record>
  <controlfield tag="001">174747</controlfield>
  <controlfield tag="005">20190316235309.0</controlfield>
  <datafield tag="013" ind1=" " ind2=" ">
    <subfield code="a">EP1706757</subfield>
    <subfield code="c">B1</subfield>
    <subfield code="b">EP</subfield>
    <subfield code="d">20141008</subfield>
  </datafield>
  <datafield tag="013" ind1=" " ind2=" ">
    <subfield code="a">US7848456</subfield>
    <subfield code="c">B2</subfield>
    <subfield code="b">US</subfield>
    <subfield code="d">20101207</subfield>
  </datafield>
  <datafield tag="013" ind1=" " ind2=" ">
    <subfield code="a">US2007147476</subfield>
    <subfield code="c">A1</subfield>
    <subfield code="b">US</subfield>
    <subfield code="d">20070628</subfield>
  </datafield>
  <datafield tag="013" ind1=" " ind2=" ">
    <subfield code="a">EP1706757</subfield>
    <subfield code="c">A1</subfield>
    <subfield code="b">EP</subfield>
    <subfield code="d">20061004</subfield>
  </datafield>
  <datafield tag="013" ind1=" " ind2=" ">
    <subfield code="a">WO2005076032</subfield>
    <subfield code="c">A1</subfield>
    <subfield code="b">WO</subfield>
    <subfield code="d">20050818</subfield>
  </datafield>
  <datafield tag="013" ind1=" " ind2=" ">
    <subfield code="a">EP1553426</subfield>
    <subfield code="c">A1</subfield>
    <subfield code="b">EP</subfield>
    <subfield code="d">20050713</subfield>
  </datafield>
  <datafield tag="024" ind1="7" ind2="0">
    <subfield code="a">34585957</subfield>
    <subfield code="2">EPO Family ID</subfield>
  </datafield>
  <datafield tag="024" ind1="7" ind2="0">
    <subfield code="a">6.1234</subfield>
    <subfield code="2">TTO</subfield>
  </datafield>
  <datafield tag="037" ind1=" " ind2=" ">
    <subfield code="a">PATENT</subfield>
  </datafield>
  <datafield tag="245" ind1=" " ind2=" ">
    <subfield code="a">METHOD AND RECEIVER DEVICE FOR WIRELESS DATA COMMUNICATION THROUGH TEMPORALLY CODED ULTRA WIDEBAND SIGNALS</subfield>
  </datafield>
  <datafield tag="260" ind1=" " ind2=" ">
    <subfield code="c">2005</subfield>
  </datafield>
  <datafield tag="269" ind1=" " ind2=" ">
    <subfield code="a">2005</subfield>
  </datafield>
  <datafield tag="336" ind1=" " ind2=" ">
    <subfield code="a">Patents</subfield>
  </datafield>
  <datafield tag="520" ind1=" " ind2=" ">
    <subfield code="a">The invention concerns a wireless data communication method, wherein a transmitter device (2) having a first broadband antenna (27) transmits ultra wideband coded data signals to a receiver device (3) having a second broadband antenna (37) for receiving the direct and/or multiple path coded data signals. The transmitted data are defined by one or several sequences of N pulses where N is an integer greater than 1. The arrangement of the N pulses of each sequence represents a data coding relative to the transmitter device. The N pulses of a sequence of pulses of direct and/or multiple path coded data signals received by the receiver device are processed each in one among N reception corresponding time windows. Each of the N reception time windows is positioned in time based on a known theoretical arrangement of the N pulses of signals transmitted by the transmitter device. An adding operation of the N windows is then performed in the receiver device so that the amplitude level of the constantly added pulses is higher than the amplitude level of the noise sensed by the receiver device (3).</subfield>
  </datafield>
  <datafield tag="700" ind1=" " ind2=" ">
    <subfield code="a">Botteron, Cyril</subfield>
    <subfield code="g">190010</subfield>
    <subfield code="0">243672</subfield>
  </datafield>
  <datafield tag="700" ind1=" " ind2=" ">
    <subfield code="a">Merz, Roman</subfield>
    <subfield code="g">190782</subfield>
    <subfield code="0">243692</subfield>
  </datafield>
  <datafield tag="700" ind1=" " ind2=" ">
    <subfield code="a">Farine, Pierre-André</subfield>
    <subfield code="g">152066</subfield>
    <subfield code="0">243688</subfield>
  </datafield>
  <datafield tag="856" ind1="4" ind2=" ">
    <subfield code="z">URL</subfield>
    <subfield code="u">http://www.freepatentsonline.com/WO2005076032.html</subfield>
  </datafield>
  <datafield tag="909" ind1="C" ind2="0">
    <subfield code="p">ESPLAB</subfield>
    <subfield code="0">252263</subfield>
    <subfield code="x">U11964</subfield>
  </datafield>
  <datafield tag="909" ind1="C" ind2="0">
    <subfield code="p">TTO</subfield>
    <subfield code="0">252085</subfield>
    <subfield code="x">U10021</subfield>
  </datafield>
  <datafield tag="909" ind1="C" ind2="O">
    <subfield code="o">oai:infoscience.tind.io:174747</subfield>
    <subfield code="p">STI</subfield>
    <subfield code="q">GLOBAL_SET</subfield>
  </datafield>
  <datafield tag="917" ind1="Z" ind2="8">
    <subfield code="x">190010</subfield>
  </datafield>
  <datafield tag="937" ind1=" " ind2=" ">
    <subfield code="a">EPFL-PATENT-174747</subfield>
  </datafield>
  <datafield tag="973" ind1=" " ind2=" ">
    <subfield code="a">EPFL</subfield>
    <subfield code="s">PUBLISHED</subfield>
  </datafield>
  <datafield tag="980" ind1=" " ind2=" ">
    <subfield code="a">PATENT</subfield>
  </datafield>
</record>