
<record>
  <controlfield tag="001">87399</controlfield>
  <controlfield tag="005">20180317093136.0</controlfield>
  <datafield tag="013" ind1=" " ind2=" ">
    <subfield code="a">EP688539</subfield>
    <subfield code="c">A</subfield>
    <subfield code="b">EP</subfield>
  </datafield>
  <datafield tag="037" ind1=" " ind2=" ">
    <subfield code="a">PATENT</subfield>
  </datafield>
  <datafield tag="245" ind1=" " ind2=" ">
    <subfield code="a">Pièce à main dentaire motorisée munie d'un accessoire électrique tel qu'un éclairage</subfield>
  </datafield>
  <datafield tag="260" ind1=" " ind2=" ">
    <subfield code="c">1999</subfield>
  </datafield>
  <datafield tag="269" ind1=" " ind2=" ">
    <subfield code="a">1999</subfield>
  </datafield>
  <datafield tag="336" ind1=" " ind2=" ">
    <subfield code="a">Patents</subfield>
  </datafield>
  <datafield tag="500" ind1=" " ind2=" ">
    <subfield code="a">FR2720263-A1; EP688539-A1; EP688539-B1; DE69511630-E Cardoletti L. et Perriard V. ne sont pas nommés sur le brevet EP688539-A !!!!</subfield>
  </datafield>
  <datafield tag="520" ind1=" " ind2=" ">
  </datafield>
  <datafield tag="700" ind1=" " ind2=" ">
    <subfield code="a">Mosimann, V.</subfield>
  </datafield>
  <datafield tag="700" ind1=" " ind2=" ">
    <subfield code="a">(Cardoletti, L.)</subfield>
  </datafield>
  <datafield tag="700" ind1=" " ind2=" ">
    <subfield code="a">(Perriard, Y.)</subfield>
  </datafield>
  <datafield tag="909" ind1="C" ind2="O">
    <subfield code="o">oai:infoscience.tind.io:87399</subfield>
    <subfield code="p">STI</subfield>
  </datafield>
  <datafield tag="909" ind1="C" ind2="0">
    <subfield code="p">LAI</subfield>
    <subfield code="0">252066</subfield>
    <subfield code="x">U10351</subfield>
  </datafield>
  <datafield tag="937" ind1=" " ind2=" ">
    <subfield code="a">LAI-PATENT-1999-001</subfield>
  </datafield>
  <datafield tag="970" ind1=" " ind2=" ">
    <subfield code="a">159/LAI</subfield>
  </datafield>
  <datafield tag="973" ind1=" " ind2=" ">
    <subfield code="a">EPFL</subfield>
    <subfield code="s">PUBLISHED</subfield>
  </datafield>
  <datafield tag="980" ind1=" " ind2=" ">
    <subfield code="a">PATENT</subfield>
  </datafield>
</record>