
<record>
  <controlfield tag="001">81374</controlfield>
  <controlfield tag="005">20180317092944.0</controlfield>
  <datafield tag="013" ind1=" " ind2=" ">
    <subfield code="a">2004-IB1733 2004104588</subfield>
  </datafield>
  <datafield tag="037" ind1=" " ind2=" ">
    <subfield code="a">PATENT</subfield>
  </datafield>
  <datafield tag="245" ind1=" " ind2=" ">
    <subfield code="a">Labeling of fusion proteins by enzymic incorporation of a coenzyme A derivative into an acyl carrier protein moiety</subfield>
  </datafield>
  <datafield tag="260" ind1=" " ind2=" ">
    <subfield code="c">2004</subfield>
    <subfield code="b">(EPFL-Ecole Polytechnique Federale de Lausanne, Switz.).</subfield>
  </datafield>
  <datafield tag="269" ind1=" " ind2=" ">
    <subfield code="a">2004</subfield>
  </datafield>
  <datafield tag="336" ind1=" " ind2=" ">
    <subfield code="a">Patents</subfield>
  </datafield>
  <datafield tag="520" ind1=" " ind2=" ">
    <subfield code="a">A method for labeling acyl carrier protein (ACP) fusion proteins using derivs. of CoA is described. The method relies on the transfer of a label from a CoA type substrate to an ACP fusion protein using a holo-acyl carrier protein synthase (ACPS) or a homolog thereof. The method allows detecting and manipulating the fusion protein, both in vitro and in vivo, by attaching mols. to the fusion proteins that introduce a new phys. or chem. property to the fusion protein. Examples of such labels are, among others, spectroscopic probes or reporter mols., affinity tags, mols. generating reactive radicals, cross-linkers, ligands mediating protein-protein interactions or mols. suitable for the immobilization of the fusion protein. Synthesis of a series of reporter mol. conjugates, including digoxigenin, Cy3 and Cy5, with CoA is reported. [on SciFinder (R)]</subfield>
  </datafield>
  <datafield tag="700" ind1=" " ind2=" ">
    <subfield code="a">Johnsson, Kai</subfield>
    <subfield code="g">123155</subfield>
    <subfield code="0">240057</subfield>
  </datafield>
  <datafield tag="700" ind1=" " ind2=" ">
    <subfield code="a">George, Nathalie</subfield>
    <subfield code="g">148939</subfield>
    <subfield code="0">241320</subfield>
  </datafield>
  <datafield tag="909" ind1="C" ind2="O">
    <subfield code="o">oai:infoscience.tind.io:81374</subfield>
    <subfield code="p">SB</subfield>
  </datafield>
  <datafield tag="909" ind1="C" ind2="0">
    <subfield code="p">LIP</subfield>
    <subfield code="0">252027</subfield>
    <subfield code="x">U10102</subfield>
  </datafield>
  <datafield tag="937" ind1=" " ind2=" ">
    <subfield code="a">LIP-PATENT-2004-002</subfield>
  </datafield>
  <datafield tag="970" ind1=" " ind2=" ">
    <subfield code="a">39/LIP</subfield>
  </datafield>
  <datafield tag="973" ind1=" " ind2=" ">
    <subfield code="a">EPFL</subfield>
    <subfield code="s">PUBLISHED</subfield>
  </datafield>
  <datafield tag="980" ind1=" " ind2=" ">
    <subfield code="a">PATENT</subfield>
  </datafield>
</record>