
<record>
  <controlfield tag="001">79733</controlfield>
  <controlfield tag="005">20180317094501.0</controlfield>
  <datafield tag="013" ind1=" " ind2=" ">
    <subfield code="a">74-2442106 2442106</subfield>
  </datafield>
  <datafield tag="037" ind1=" " ind2=" ">
    <subfield code="a">PATENT</subfield>
  </datafield>
  <datafield tag="245" ind1=" " ind2=" ">
    <subfield code="a">Perfluorinated acid fluorides by electrochemical fluorination</subfield>
  </datafield>
  <datafield tag="260" ind1=" " ind2=" ">
    <subfield code="c">1975</subfield>
    <subfield code="b">(Ciba-Geigy A.-G., Switz.).</subfield>
  </datafield>
  <datafield tag="269" ind1=" " ind2=" ">
    <subfield code="a">1975</subfield>
  </datafield>
  <datafield tag="336" ind1=" " ind2=" ">
    <subfield code="a">Patents</subfield>
  </datafield>
  <datafield tag="520" ind1=" " ind2=" ">
    <subfield code="a">Perfluorooctanesulfonyl fluoride [307-35-7] and perfluorooctanoyl fluoride [335-66-0] were prepd. in >=61 and 37% yield and current efficiency 87 and 80%, resp., by electrochem. fluorination of C8H17SO2F and C7H15COF, resp., in liq. HF at .apprx.30 Deg and 10-15 V. [on SciFinder (R)]</subfield>
  </datafield>
  <datafield tag="700" ind1=" " ind2=" ">
    <subfield code="a">Plattner, Eric</subfield>
  </datafield>
  <datafield tag="700" ind1=" " ind2=" ">
    <subfield code="a">Comninellis, Christos</subfield>
    <subfield code="g">104807</subfield>
    <subfield code="0">240416</subfield>
  </datafield>
  <datafield tag="700" ind1=" " ind2=" ">
    <subfield code="a">Javet, Philippe</subfield>
  </datafield>
  <datafield tag="909" ind1="C" ind2="0">
    <subfield code="p">GGEC</subfield>
    <subfield code="0">252005</subfield>
    <subfield code="x">U10173</subfield>
  </datafield>
  <datafield tag="937" ind1=" " ind2=" ">
    <subfield code="a">GGEC-PATENT-1975-003</subfield>
  </datafield>
  <datafield tag="970" ind1=" " ind2=" ">
    <subfield code="a">63/GGEC</subfield>
  </datafield>
  <datafield tag="973" ind1=" " ind2=" ">
    <subfield code="a">EPFL</subfield>
    <subfield code="s">PUBLISHED</subfield>
  </datafield>
  <datafield tag="980" ind1=" " ind2=" ">
    <subfield code="a">PATENT</subfield>
  </datafield>
</record>