
<record>
  <controlfield tag="001">380</controlfield>
  <controlfield tag="005">20180318220826.0</controlfield>
  <datafield tag="013" ind1=" " ind2=" ">
    <subfield code="a">US2004203380</subfield>
    <subfield code="c">A1</subfield>
    <subfield code="b">US</subfield>
    <subfield code="d">20041014</subfield>
  </datafield>
  <datafield tag="013" ind1=" " ind2=" ">
    <subfield code="a">EP1299743</subfield>
    <subfield code="c">A2</subfield>
    <subfield code="b">EP</subfield>
    <subfield code="d">20030409</subfield>
  </datafield>
  <datafield tag="013" ind1=" " ind2=" ">
    <subfield code="a">WO0203091</subfield>
    <subfield code="c">A3</subfield>
    <subfield code="b">WO</subfield>
    <subfield code="d">20020627</subfield>
  </datafield>
  <datafield tag="013" ind1=" " ind2=" ">
    <subfield code="a">AU7637301</subfield>
    <subfield code="c">A</subfield>
    <subfield code="b">AU</subfield>
    <subfield code="d">20020114</subfield>
  </datafield>
  <datafield tag="013" ind1=" " ind2=" ">
    <subfield code="a">WO0203091</subfield>
    <subfield code="c">A2</subfield>
    <subfield code="b">WO</subfield>
    <subfield code="d">20020110</subfield>
  </datafield>
  <datafield tag="024" ind1="7" ind2="0">
    <subfield code="a">22804614</subfield>
    <subfield code="2">EPO Family ID</subfield>
  </datafield>
  <datafield tag="037" ind1=" " ind2=" ">
    <subfield code="a">PATENT</subfield>
  </datafield>
  <datafield tag="245" ind1=" " ind2=" ">
    <subfield code="a">System and method for generating and maintaining a relative positioning system without GPS</subfield>
  </datafield>
  <datafield tag="260" ind1=" " ind2=" ">
    <subfield code="c">2001</subfield>
  </datafield>
  <datafield tag="269" ind1=" " ind2=" ">
    <subfield code="a">2001</subfield>
  </datafield>
  <datafield tag="336" ind1=" " ind2=" ">
    <subfield code="a">Patents</subfield>
  </datafield>
  <datafield tag="500" ind1=" " ind2=" ">
    <subfield code="a">US Patent filed July 2, 2001</subfield>
  </datafield>
  <datafield tag="520" ind1=" " ind2=" ">
    <subfield code="a">NOVELTY - At least some of wireless terminals can communicate over wireless links (2) in one or several hops with at least some of the other wireless terminals. The distances (dij) to one-hop neighbors may be measured in a number of the wireless terminals (1), using the distances measured in at least two terminals (1) to compute the location (x,y) of at least one other wireless terminal. USE - For determining the relative position of wireless terminals in a network without using GPS. ADVANTAGE - Generates and maintains a relative positioning system in an ad hoc network. Enables the terminals to find their positions within the network area using only the locally available information.</subfield>
  </datafield>
  <datafield tag="700" ind1=" " ind2=" ">
    <subfield code="a">Hamdi, Maher</subfield>
  </datafield>
  <datafield tag="700" ind1=" " ind2=" ">
    <subfield code="a">Capkun, Srdjan</subfield>
    <subfield code="g">128436</subfield>
    <subfield code="0">244028</subfield>
  </datafield>
  <datafield tag="700" ind1=" " ind2=" ">
    <subfield code="a">Hubaux, Jean-Pierre</subfield>
    <subfield code="g">105427</subfield>
    <subfield code="0">240456</subfield>
  </datafield>
  <datafield tag="700" ind1=" " ind2=" ">
    <subfield code="a">Vetterli, M.</subfield>
    <subfield code="g">107537</subfield>
    <subfield code="0">240184</subfield>
  </datafield>
  <datafield tag="909" ind1="C" ind2="O">
    <subfield code="o">oai:infoscience.tind.io:380</subfield>
    <subfield code="p">IC</subfield>
  </datafield>
  <datafield tag="909" ind1="C" ind2="0">
    <subfield code="p">LCA</subfield>
    <subfield code="0">252614</subfield>
    <subfield code="x">US00024</subfield>
  </datafield>
  <datafield tag="909" ind1="C" ind2="0">
    <subfield code="p">LCA1</subfield>
    <subfield code="0">252452</subfield>
    <subfield code="x">U10426</subfield>
  </datafield>
  <datafield tag="909" ind1="C" ind2="0">
    <subfield code="p">LCAV</subfield>
    <subfield code="0">252056</subfield>
    <subfield code="x">U10434</subfield>
  </datafield>
  <datafield tag="937" ind1=" " ind2=" ">
    <subfield code="a">LCA-PATENT-2001-002</subfield>
  </datafield>
  <datafield tag="970" ind1=" " ind2=" ">
    <subfield code="a">547/LCA</subfield>
  </datafield>
  <datafield tag="973" ind1=" " ind2=" ">
    <subfield code="a">EPFL</subfield>
    <subfield code="s">PUBLISHED</subfield>
  </datafield>
  <datafield tag="980" ind1=" " ind2=" ">
    <subfield code="a">PATENT</subfield>
  </datafield>
</record>