
<record>
  <controlfield tag="001">228423</controlfield>
  <controlfield tag="005">20180913064333.0</controlfield>
  <datafield tag="013" ind1=" " ind2=" ">
    <subfield code="a">WO2014057139</subfield>
    <subfield code="c">A3</subfield>
    <subfield code="b">WO</subfield>
    <subfield code="d">20150108</subfield>
  </datafield>
  <datafield tag="013" ind1=" " ind2=" ">
    <subfield code="a">WO2014057139</subfield>
    <subfield code="c">A2</subfield>
    <subfield code="b">WO</subfield>
    <subfield code="d">20140417</subfield>
  </datafield>
  <datafield tag="013" ind1=" " ind2=" ">
    <subfield code="a">EP2719703</subfield>
    <subfield code="c">A1</subfield>
    <subfield code="b">EP</subfield>
    <subfield code="d">20140416</subfield>
  </datafield>
  <datafield tag="024" ind1="7" ind2="0">
    <subfield code="a">47049033</subfield>
    <subfield code="2">EPO Family ID</subfield>
  </datafield>
  <datafield tag="024" ind1="7" ind2="0">
    <subfield code="a">6.1170</subfield>
    <subfield code="2">TTO</subfield>
  </datafield>
  <datafield tag="037" ind1=" " ind2=" ">
    <subfield code="a">PATENT</subfield>
  </datafield>
  <datafield tag="245" ind1=" " ind2=" ">
    <subfield code="a">Precursor molecule for the synthesis of d-luciferin</subfield>
  </datafield>
  <datafield tag="260" ind1=" " ind2=" ">
    <subfield code="c">2015</subfield>
  </datafield>
  <datafield tag="269" ind1=" " ind2=" ">
    <subfield code="a">2015</subfield>
  </datafield>
  <datafield tag="336" ind1=" " ind2=" ">
    <subfield code="a">Patents</subfield>
  </datafield>
  <datafield tag="520" ind1=" " ind2=" ">
    <subfield code="a">The present invention relates to precursor molecules for the synthesis of D-luciferin, or blocked D-luciferin and derivatives thereof, which are functionalized in different positions. Further, the use of functionalized precursor molecules for the synthesis of D-luciferin or blocked D-luciferin and methods of synthesising blocked D-luciferin and D-luciferin or derivatives thereof are described. Also described is a kit of parts for screening assay comprising said functionalized precursor molecules to D-luciferin or blocked D-luciferin and derivatives thereof and the uses of such a screening assay for the detection of molecules for the study of molecular uptake and for the detection of a reducing environment. Methods of detection of bio- molecules such as metabolites, activity of enzymes and proteases and methods for determining a sequence within a peptide of protein cleaved by specific enzymes are described. Also a method of determining the cysteine and derivatives thereof concentration in a cell or tissue sample is described. Precursor molecules of D-luciferin according to the invention are advantageous as they are small and travel easily around live systems and allow tissue cells or organs to be targeted specifically. Further, the methods and screening assays described allow the simultaneous study of multiple biological processes described above in one experiment only.</subfield>
  </datafield>
  <datafield tag="700" ind1=" " ind2=" ">
    <subfield code="a">Dubikovskaya, Elena</subfield>
    <subfield code="g">217627</subfield>
    <subfield code="0">246452</subfield>
  </datafield>
  <datafield tag="700" ind1=" " ind2=" ">
    <subfield code="a">Godinat, Aurelien</subfield>
    <subfield code="g">166900</subfield>
    <subfield code="0">246450</subfield>
  </datafield>
  <datafield tag="909" ind1="C" ind2="0">
    <subfield code="p">TTO</subfield>
    <subfield code="0">252085</subfield>
    <subfield code="x">U10021</subfield>
  </datafield>
  <datafield tag="909" ind1="C" ind2="0">
    <subfield code="p">LCBIM</subfield>
    <subfield code="0">252473</subfield>
    <subfield code="x">U12499</subfield>
  </datafield>
  <datafield tag="909" ind1="C" ind2="O">
    <subfield code="o">oai:infoscience.tind.io:228423</subfield>
    <subfield code="p">SB</subfield>
  </datafield>
  <datafield tag="917" ind1="Z" ind2="8">
    <subfield code="x">231591</subfield>
  </datafield>
  <datafield tag="937" ind1=" " ind2=" ">
    <subfield code="a">EPFL-PATENT-228423</subfield>
  </datafield>
  <datafield tag="973" ind1=" " ind2=" ">
    <subfield code="a">EPFL</subfield>
  </datafield>
  <datafield tag="980" ind1=" " ind2=" ">
    <subfield code="a">PATENT</subfield>
  </datafield>
</record>