
<record>
  <controlfield tag="001">228415</controlfield>
  <controlfield tag="005">20180318102419.0</controlfield>
  <datafield tag="013" ind1=" " ind2=" ">
    <subfield code="a">US9557230</subfield>
    <subfield code="c">B2</subfield>
    <subfield code="b">US</subfield>
    <subfield code="d">20170131</subfield>
  </datafield>
  <datafield tag="013" ind1=" " ind2=" ">
    <subfield code="a">US2014238144</subfield>
    <subfield code="c">A1</subfield>
    <subfield code="b">US</subfield>
    <subfield code="d">20140828</subfield>
  </datafield>
  <datafield tag="013" ind1=" " ind2=" ">
    <subfield code="a">EP2769191</subfield>
    <subfield code="c">A1</subfield>
    <subfield code="b">EP</subfield>
    <subfield code="d">20140827</subfield>
  </datafield>
  <datafield tag="013" ind1=" " ind2=" ">
    <subfield code="a">WO2013057689</subfield>
    <subfield code="c">A1</subfield>
    <subfield code="b">WO</subfield>
    <subfield code="d">20130425</subfield>
  </datafield>
  <datafield tag="024" ind1="7" ind2="0">
    <subfield code="a">47297334</subfield>
    <subfield code="2">EPO Family ID</subfield>
  </datafield>
  <datafield tag="024" ind1="7" ind2="0">
    <subfield code="a">6.1052</subfield>
    <subfield code="2">TTO</subfield>
  </datafield>
  <datafield tag="037" ind1=" " ind2=" ">
    <subfield code="a">PATENT</subfield>
  </datafield>
  <datafield tag="245" ind1=" " ind2=" ">
    <subfield code="a">Sic high temperature pressure transducer</subfield>
  </datafield>
  <datafield tag="260" ind1=" " ind2=" ">
    <subfield code="c">2014</subfield>
  </datafield>
  <datafield tag="269" ind1=" " ind2=" ">
    <subfield code="a">2014</subfield>
  </datafield>
  <datafield tag="336" ind1=" " ind2=" ">
    <subfield code="a">Patents</subfield>
  </datafield>
  <datafield tag="520" ind1=" " ind2=" ">
    <subfield code="a">The invention concerns a pressure transducer comprising a deflecting membrane, said membrane comprising two piezoresistors (10, 11) of different types, said piezoresistors being arranged such that a same stress or a same strain is applied on said piezoresistors and said piezoresistors (10, 11) yield changes in resistance, wherein a piezoresistor of a first type (10) is positioned such that its current direction is perpendicular to the stress direction (trans verse) and a piezoresistor of a second type is parallel to the stress direction (longitudinal), allowing, when a tensile stress is applied to the transducer, said piezoresistor of the first type to increase its resistance and said piezoresistor of the second type to decrease the resistance; or when a compressive stress is applied to the transducer, said piezoresistor of the first type to decrease its resistance and said piezoresistor of the second type to increase the resistance; wherein said piezoresistor of the first type (10) has a specific width and a length as short as possible and said piezoresistor (11) of the second type has a width as short as possible and a length as long as possible.</subfield>
  </datafield>
  <datafield tag="700" ind1=" " ind2=" ">
    <subfield code="a">Akiyama, Terunobu</subfield>
    <subfield code="g">190003</subfield>
    <subfield code="0">243294</subfield>
  </datafield>
  <datafield tag="909" ind1="C" ind2="0">
    <subfield code="p">SAMLAB</subfield>
    <subfield code="0">252173</subfield>
    <subfield code="x">U10329</subfield>
  </datafield>
  <datafield tag="909" ind1="C" ind2="0">
    <subfield code="p">TTO</subfield>
    <subfield code="0">252085</subfield>
    <subfield code="x">U10021</subfield>
  </datafield>
  <datafield tag="917" ind1="Z" ind2="8">
    <subfield code="x">148230</subfield>
  </datafield>
  <datafield tag="937" ind1=" " ind2=" ">
    <subfield code="a">EPFL-PATENT-228415</subfield>
  </datafield>
  <datafield tag="973" ind1=" " ind2=" ">
    <subfield code="a">EPFL</subfield>
  </datafield>
  <datafield tag="980" ind1=" " ind2=" ">
    <subfield code="a">PATENT</subfield>
  </datafield>
</record>