
<record>
  <controlfield tag="001">228403</controlfield>
  <controlfield tag="005">20180913064333.0</controlfield>
  <datafield tag="013" ind1=" " ind2=" ">
    <subfield code="a">US9194927</subfield>
    <subfield code="c">B2</subfield>
    <subfield code="b">US</subfield>
    <subfield code="d">20151124</subfield>
  </datafield>
  <datafield tag="013" ind1=" " ind2=" ">
    <subfield code="a">KR20140101683</subfield>
    <subfield code="c">A</subfield>
    <subfield code="b">KR</subfield>
    <subfield code="d">20140820</subfield>
  </datafield>
  <datafield tag="013" ind1=" " ind2=" ">
    <subfield code="a">US2014226890</subfield>
    <subfield code="c">A1</subfield>
    <subfield code="b">US</subfield>
    <subfield code="d">20140814</subfield>
  </datafield>
  <datafield tag="013" ind1=" " ind2=" ">
    <subfield code="a">EP2765437</subfield>
    <subfield code="c">A1</subfield>
    <subfield code="b">EP</subfield>
    <subfield code="d">20140813</subfield>
  </datafield>
  <datafield tag="024" ind1="7" ind2="0">
    <subfield code="a">47722092</subfield>
    <subfield code="2">EPO Family ID</subfield>
  </datafield>
  <datafield tag="024" ind1="7" ind2="0">
    <subfield code="a">6.1272</subfield>
    <subfield code="2">TTO</subfield>
  </datafield>
  <datafield tag="037" ind1=" " ind2=" ">
    <subfield code="a">PATENT</subfield>
  </datafield>
  <datafield tag="245" ind1=" " ind2=" ">
    <subfield code="a">A simple method to denoise ratio images in magnetic resonance imaging</subfield>
  </datafield>
  <datafield tag="260" ind1=" " ind2=" ">
    <subfield code="c">2014</subfield>
  </datafield>
  <datafield tag="269" ind1=" " ind2=" ">
    <subfield code="a">2014</subfield>
  </datafield>
  <datafield tag="336" ind1=" " ind2=" ">
    <subfield code="a">Patents</subfield>
  </datafield>
  <datafield tag="520" ind1=" " ind2=" ">
    <subfield code="a">Disclosed is a Magnetic Resonance Imaging method comprising the steps of: generating an MRI sequence designed for acquiring data from an object to be imaged, wherein the MRI sequence is configured for generating at least two different standard images, respectively a first standard image (P) and a second standard image (NP); acquiring the two different standard images; and combining the two different standard images in a ratio image (S). The ratio image (S) is obtained by calculating a ratio of the first standard image (P) and the second standard image (NP) that is tunable by a parameter [gamma] wherein the parameter [gamma] is automatically chosen for maximizing the negentropy of the ratio image (S).</subfield>
  </datafield>
  <datafield tag="700" ind1=" " ind2=" ">
    <subfield code="a">O'brien, Kieran</subfield>
    <subfield code="g">196980</subfield>
    <subfield code="0">243739</subfield>
  </datafield>
  <datafield tag="700" ind1=" " ind2=" ">
    <subfield code="a">Roche, Alexis</subfield>
    <subfield code="g">196425</subfield>
    <subfield code="0">243734</subfield>
  </datafield>
  <datafield tag="909" ind1="C" ind2="0">
    <subfield code="p">TTO</subfield>
    <subfield code="0">252085</subfield>
    <subfield code="x">U10021</subfield>
  </datafield>
  <datafield tag="909" ind1="C" ind2="0">
    <subfield code="p">CIBM</subfield>
    <subfield code="0">252477</subfield>
    <subfield code="x">U12623</subfield>
  </datafield>
  <datafield tag="909" ind1="C" ind2="O">
    <subfield code="o">oai:infoscience.tind.io:228403</subfield>
    <subfield code="p">SB</subfield>
  </datafield>
  <datafield tag="917" ind1="Z" ind2="8">
    <subfield code="x">161735</subfield>
  </datafield>
  <datafield tag="937" ind1=" " ind2=" ">
    <subfield code="a">EPFL-PATENT-228403</subfield>
  </datafield>
  <datafield tag="973" ind1=" " ind2=" ">
    <subfield code="a">EPFL</subfield>
  </datafield>
  <datafield tag="980" ind1=" " ind2=" ">
    <subfield code="a">PATENT</subfield>
  </datafield>
</record>