
<record>
  <controlfield tag="001">228172</controlfield>
  <controlfield tag="005">20180913064327.0</controlfield>
  <datafield tag="013" ind1=" " ind2=" ">
    <subfield code="a">US2016016840</subfield>
    <subfield code="c">A1</subfield>
    <subfield code="b">US</subfield>
    <subfield code="d">20160121</subfield>
  </datafield>
  <datafield tag="013" ind1=" " ind2=" ">
    <subfield code="a">EP2969995</subfield>
    <subfield code="c">A1</subfield>
    <subfield code="b">EP</subfield>
    <subfield code="d">20160120</subfield>
  </datafield>
  <datafield tag="013" ind1=" " ind2=" ">
    <subfield code="a">WO2014141168</subfield>
    <subfield code="c">A1</subfield>
    <subfield code="b">WO</subfield>
    <subfield code="d">20140918</subfield>
  </datafield>
  <datafield tag="024" ind1="7" ind2="0">
    <subfield code="a">50680078</subfield>
    <subfield code="2">EPO Family ID</subfield>
  </datafield>
  <datafield tag="024" ind1="7" ind2="0">
    <subfield code="a">6.1282</subfield>
    <subfield code="2">TTO</subfield>
  </datafield>
  <datafield tag="037" ind1=" " ind2=" ">
    <subfield code="a">PATENT</subfield>
  </datafield>
  <datafield tag="245" ind1=" " ind2=" ">
    <subfield code="a">Manufacturing of orifices in glass like materials, e.g. Nanocapillaries, and objects obtained according to this process</subfield>
  </datafield>
  <datafield tag="260" ind1=" " ind2=" ">
    <subfield code="c">2016</subfield>
  </datafield>
  <datafield tag="269" ind1=" " ind2=" ">
    <subfield code="a">2016</subfield>
  </datafield>
  <datafield tag="336" ind1=" " ind2=" ">
    <subfield code="a">Patents</subfield>
  </datafield>
  <datafield tag="520" ind1=" " ind2=" ">
    <subfield code="a">The ability to reshape nanopores and observe their shrinkage under an electron microscope is a powerful and novel technique14,17. It increases the sensitivity of the resistive pulse sensing and enables to detect very short and small molecules12,31. However, this has not yet been shown for glass having a tubular shape, for instance nanocapillaries. In contrast to their solid-state nanopore counterparts25, nanocapillaries are cheap, easily fabricated and in the production do not necessitate clean room facilities. Nanocapillaries made out of glass-like materials such as quartz or borosilicate glass can be shrunken under a scanning electron microscope beam. Since the shrinking is caused by the thermal heating of the electrons, increasing the beam current increases the shrink rate. Higher acceleration voltage on the contrary increases the electron penetration depth and reduces the electron density causing slower shrink rates. This allows to fine control the shrink rate and to stop the shrinking process at any desired diameter. A shrunken nanocapillary may detect DNA translocation with six times higher signal amplitudes than an unmodified nanocapillary. The invention opens a new path to detect small and short molecules such as proteins or RNA with nanocapillaries and also increase the sensitivity of other techniques such as SNOM or SCIM, which also rely on conical glass capillaries.</subfield>
  </datafield>
  <datafield tag="700" ind1=" " ind2=" ">
    <subfield code="a">Steinbock, Lorenz Jan</subfield>
    <subfield code="g">220718</subfield>
    <subfield code="0">246136</subfield>
  </datafield>
  <datafield tag="700" ind1=" " ind2=" ">
    <subfield code="a">Radenovic, Aleksandra</subfield>
    <subfield code="g">161458</subfield>
    <subfield code="0">240208</subfield>
  </datafield>
  <datafield tag="909" ind1="C" ind2="0">
    <subfield code="p">TTO</subfield>
    <subfield code="0">252085</subfield>
    <subfield code="x">U10021</subfield>
  </datafield>
  <datafield tag="909" ind1="C" ind2="0">
    <subfield code="p">LBEN</subfield>
    <subfield code="0">252069</subfield>
    <subfield code="x">U11842</subfield>
  </datafield>
  <datafield tag="909" ind1="C" ind2="O">
    <subfield code="o">oai:infoscience.tind.io:228172</subfield>
    <subfield code="p">STI</subfield>
  </datafield>
  <datafield tag="917" ind1="Z" ind2="8">
    <subfield code="x">161458</subfield>
  </datafield>
  <datafield tag="937" ind1=" " ind2=" ">
    <subfield code="a">EPFL-PATENT-228172</subfield>
  </datafield>
  <datafield tag="973" ind1=" " ind2=" ">
    <subfield code="a">EPFL</subfield>
  </datafield>
  <datafield tag="980" ind1=" " ind2=" ">
    <subfield code="a">PATENT</subfield>
  </datafield>
</record>