
<record>
  <controlfield tag="001">215982</controlfield>
  <controlfield tag="005">20190317000407.0</controlfield>
  <datafield tag="013" ind1=" " ind2=" ">
    <subfield code="a">US 20160013238 A1</subfield>
  </datafield>
  <datafield tag="037" ind1=" " ind2=" ">
    <subfield code="a">PATENT</subfield>
  </datafield>
  <datafield tag="245" ind1=" " ind2=" ">
    <subfield code="a">Cmos image sensor</subfield>
  </datafield>
  <datafield tag="260" ind1=" " ind2=" ">
    <subfield code="c">2016</subfield>
  </datafield>
  <datafield tag="269" ind1=" " ind2=" ">
    <subfield code="a">2016</subfield>
  </datafield>
  <datafield tag="300" ind1=" " ind2=" ">
    <subfield code="a">8</subfield>
  </datafield>
  <datafield tag="336" ind1=" " ind2=" ">
    <subfield code="a">Patents</subfield>
  </datafield>
  <datafield tag="520" ind1=" " ind2=" ">
    <subfield code="a">A CMOS image sensor including a pixel including: a photodiode in series with a MOS transistor between a first reference potential and a sense node; a MOS transistor connecting the sense node to a second reference potential; and a third MOS transistor assembled as a source follower between the sense node and a read circuit, wherein the oxide thickness of the third transistor is smaller than that of the first and second transistors, the voltage difference between the first and second reference potentials is greater than the maximum voltage capable of being applied between two terminals of the third transistor, and the body or drain region of the third transistor is connected to a third reference potential in the range between the first and second potentials. - See more at: http://www.patentbuddy.com/Patent/20160013238#sthash.8KpPKnhw.dpuf</subfield>
  </datafield>
  <datafield tag="700" ind1=" " ind2=" ">
    <subfield code="a">Boukhayma, Assim</subfield>
    <subfield code="g">230866</subfield>
    <subfield code="0">248843</subfield>
  </datafield>
  <datafield tag="700" ind1=" " ind2=" ">
    <subfield code="a">Peizerat, Arnaud</subfield>
  </datafield>
  <datafield tag="856" ind1="4" ind2=" ">
    <subfield code="y">n/a</subfield>
    <subfield code="s">663584</subfield>
    <subfield code="z">n/a</subfield>
    <subfield code="u">http://infoscience.epfl.ch/record/215982/files/20160013238.pdf</subfield>
  </datafield>
  <datafield tag="909" ind1="C" ind2="0">
    <subfield code="p">ICLAB</subfield>
    <subfield code="0">252498</subfield>
    <subfield code="x">U12701</subfield>
  </datafield>
  <datafield tag="909" ind1="C" ind2="O">
    <subfield code="o">oai:infoscience.tind.io:215982</subfield>
    <subfield code="p">STI</subfield>
    <subfield code="q">GLOBAL_SET</subfield>
  </datafield>
  <datafield tag="917" ind1="Z" ind2="8">
    <subfield code="x">230866</subfield>
  </datafield>
  <datafield tag="937" ind1=" " ind2=" ">
    <subfield code="a">EPFL-PATENT-215982</subfield>
  </datafield>
  <datafield tag="973" ind1=" " ind2=" ">
    <subfield code="a">OTHER</subfield>
  </datafield>
  <datafield tag="980" ind1=" " ind2=" ">
    <subfield code="a">PATENT</subfield>
  </datafield>
</record>