
<record>
  <controlfield tag="001">211803</controlfield>
  <controlfield tag="005">20180318102416.0</controlfield>
  <datafield tag="013" ind1=" " ind2=" ">
    <subfield code="a">SG10201609500Q</subfield>
    <subfield code="c">A</subfield>
    <subfield code="b">SG</subfield>
    <subfield code="d">20161229</subfield>
  </datafield>
  <datafield tag="013" ind1=" " ind2=" ">
    <subfield code="a">US2016361431</subfield>
    <subfield code="c">A1</subfield>
    <subfield code="b">US</subfield>
    <subfield code="d">20161215</subfield>
  </datafield>
  <datafield tag="013" ind1=" " ind2=" ">
    <subfield code="a">US9518087</subfield>
    <subfield code="c">B2</subfield>
    <subfield code="b">US</subfield>
    <subfield code="d">20161213</subfield>
  </datafield>
  <datafield tag="013" ind1=" " ind2=" ">
    <subfield code="a">US9517257</subfield>
    <subfield code="c">B2</subfield>
    <subfield code="b">US</subfield>
    <subfield code="d">20161213</subfield>
  </datafield>
  <datafield tag="013" ind1=" " ind2=" ">
    <subfield code="a">US2016354453</subfield>
    <subfield code="c">A1</subfield>
    <subfield code="b">US</subfield>
    <subfield code="d">20161208</subfield>
  </datafield>
  <datafield tag="013" ind1=" " ind2=" ">
    <subfield code="a">US2016354454</subfield>
    <subfield code="c">A1</subfield>
    <subfield code="b">US</subfield>
    <subfield code="d">20161208</subfield>
  </datafield>
  <datafield tag="013" ind1=" " ind2=" ">
    <subfield code="a">US2016354484</subfield>
    <subfield code="c">A1</subfield>
    <subfield code="b">US</subfield>
    <subfield code="d">20161208</subfield>
  </datafield>
  <datafield tag="013" ind1=" " ind2=" ">
    <subfield code="a">AU2011289579</subfield>
    <subfield code="c">B2</subfield>
    <subfield code="b">AU</subfield>
    <subfield code="d">20161117</subfield>
  </datafield>
  <datafield tag="013" ind1=" " ind2=" ">
    <subfield code="a">HK1202051</subfield>
    <subfield code="c">A1</subfield>
    <subfield code="b">HK</subfield>
    <subfield code="d">20150918</subfield>
  </datafield>
  <datafield tag="013" ind1=" " ind2=" ">
    <subfield code="a">MX2014009900</subfield>
    <subfield code="c">A</subfield>
    <subfield code="b">MX</subfield>
    <subfield code="d">20150602</subfield>
  </datafield>
  <datafield tag="013" ind1=" " ind2=" ">
    <subfield code="a">KR20150010699</subfield>
    <subfield code="c">A</subfield>
    <subfield code="b">KR</subfield>
    <subfield code="d">20150128</subfield>
  </datafield>
  <datafield tag="013" ind1=" " ind2=" ">
    <subfield code="a">CN104271148</subfield>
    <subfield code="c">A</subfield>
    <subfield code="b">CN</subfield>
    <subfield code="d">20150107</subfield>
  </datafield>
  <datafield tag="013" ind1=" " ind2=" ">
    <subfield code="a">EP2814500</subfield>
    <subfield code="c">A1</subfield>
    <subfield code="b">EP</subfield>
    <subfield code="d">20141224</subfield>
  </datafield>
  <datafield tag="013" ind1=" " ind2=" ">
    <subfield code="a">US2014356384</subfield>
    <subfield code="c">A1</subfield>
    <subfield code="b">US</subfield>
    <subfield code="d">20141204</subfield>
  </datafield>
  <datafield tag="013" ind1=" " ind2=" ">
    <subfield code="a">SG11201404943P</subfield>
    <subfield code="c">A</subfield>
    <subfield code="b">SG</subfield>
    <subfield code="d">20141030</subfield>
  </datafield>
  <datafield tag="013" ind1=" " ind2=" ">
    <subfield code="a">AU2013220079</subfield>
    <subfield code="c">A1</subfield>
    <subfield code="b">AU</subfield>
    <subfield code="d">20140904</subfield>
  </datafield>
  <datafield tag="013" ind1=" " ind2=" ">
    <subfield code="a">EP2603520</subfield>
    <subfield code="c">A4</subfield>
    <subfield code="b">EP</subfield>
    <subfield code="d">20140219</subfield>
  </datafield>
  <datafield tag="013" ind1=" " ind2=" ">
    <subfield code="a">CN103282380</subfield>
    <subfield code="c">A</subfield>
    <subfield code="b">CN</subfield>
    <subfield code="d">20130904</subfield>
  </datafield>
  <datafield tag="013" ind1=" " ind2=" ">
    <subfield code="a">CA2864432</subfield>
    <subfield code="c">A1</subfield>
    <subfield code="b">CA</subfield>
    <subfield code="d">20130822</subfield>
  </datafield>
  <datafield tag="013" ind1=" " ind2=" ">
    <subfield code="a">WO2013121296</subfield>
    <subfield code="c">A1</subfield>
    <subfield code="b">WO</subfield>
    <subfield code="d">20130822</subfield>
  </datafield>
  <datafield tag="013" ind1=" " ind2=" ">
    <subfield code="a">EP2603520</subfield>
    <subfield code="c">A2</subfield>
    <subfield code="b">EP</subfield>
    <subfield code="d">20130619</subfield>
  </datafield>
  <datafield tag="013" ind1=" " ind2=" ">
    <subfield code="a">WO2012021512</subfield>
    <subfield code="c">A8</subfield>
    <subfield code="b">WO</subfield>
    <subfield code="d">20130425</subfield>
  </datafield>
  <datafield tag="013" ind1=" " ind2=" ">
    <subfield code="a">AU2011289579</subfield>
    <subfield code="c">A1</subfield>
    <subfield code="b">AU</subfield>
    <subfield code="d">20130321</subfield>
  </datafield>
  <datafield tag="013" ind1=" " ind2=" ">
    <subfield code="a">US2012178139</subfield>
    <subfield code="c">A1</subfield>
    <subfield code="b">US</subfield>
    <subfield code="d">20120712</subfield>
  </datafield>
  <datafield tag="013" ind1=" " ind2=" ">
    <subfield code="a">WO2012021512</subfield>
    <subfield code="c">A3</subfield>
    <subfield code="b">WO</subfield>
    <subfield code="d">20120621</subfield>
  </datafield>
  <datafield tag="013" ind1=" " ind2=" ">
    <subfield code="a">CA2807942</subfield>
    <subfield code="c">A1</subfield>
    <subfield code="b">CA</subfield>
    <subfield code="d">20120216</subfield>
  </datafield>
  <datafield tag="013" ind1=" " ind2=" ">
    <subfield code="a">US2012039989</subfield>
    <subfield code="c">A1</subfield>
    <subfield code="b">US</subfield>
    <subfield code="d">20120216</subfield>
  </datafield>
  <datafield tag="013" ind1=" " ind2=" ">
    <subfield code="a">WO2012021512</subfield>
    <subfield code="c">A2</subfield>
    <subfield code="b">WO</subfield>
    <subfield code="d">20120216</subfield>
  </datafield>
  <datafield tag="024" ind1="7" ind2="0">
    <subfield code="a">6.1008</subfield>
    <subfield code="2">TTO</subfield>
  </datafield>
  <datafield tag="024" ind1="7" ind2="0">
    <subfield code="a">48326347</subfield>
    <subfield code="2">EPO Family ID</subfield>
  </datafield>
  <datafield tag="024" ind1="7" ind2="0">
    <subfield code="a">45564995</subfield>
    <subfield code="2">EPO Family ID</subfield>
  </datafield>
  <datafield tag="024" ind1="7" ind2="0">
    <subfield code="a">46455557</subfield>
    <subfield code="2">EPO Family ID</subfield>
  </datafield>
  <datafield tag="024" ind1="7" ind2="0">
    <subfield code="a">51985354</subfield>
    <subfield code="2">EPO Family ID</subfield>
  </datafield>
  <datafield tag="037" ind1=" " ind2=" ">
    <subfield code="a">PATENT</subfield>
  </datafield>
  <datafield tag="245" ind1=" " ind2=" ">
    <subfield code="a">Erythrocyte-binding therapeutics</subfield>
  </datafield>
  <datafield tag="260" ind1=" " ind2=" ">
    <subfield code="c">2013</subfield>
  </datafield>
  <datafield tag="269" ind1=" " ind2=" ">
    <subfield code="a">2013</subfield>
  </datafield>
  <datafield tag="336" ind1=" " ind2=" ">
    <subfield code="a">Patents</subfield>
  </datafield>
  <datafield tag="520" ind1=" " ind2=" ">
    <subfield code="a">Peptides that specifically bind erythrocytes are described. These are provided as peptidic ligands having sequences that specifically bind, or as antibodies or fragments thereof that provide specific binding, to erythrocytes. The peptides may be prepared as molecular fusions with therapeutic agents, tolerizing antigens, or targeting peptides. Immunotolerance may be created by use of the fusions and choice of an antigen on a substance for which tolerance is desired. Fusions with targeting peptides direct the fusions to the target, for instance a tumor, where the erythrocyte-binding ligands reduce or entirely eliminate blood flow to the tumor by recruiting erythrocytes to the target.</subfield>
  </datafield>
  <datafield tag="700" ind1=" " ind2=" ">
    <subfield code="a">Hubbel, Jeffrey</subfield>
    <subfield code="g">141360</subfield>
    <subfield code="0">240350</subfield>
  </datafield>
  <datafield tag="700" ind1=" " ind2=" ">
    <subfield code="a">Kontos, Stephane</subfield>
  </datafield>
  <datafield tag="700" ind1=" " ind2=" ">
    <subfield code="a">Dane, Karen</subfield>
  </datafield>
  <datafield tag="700" ind1=" " ind2=" ">
    <subfield code="a">Hubbell, Jeffrey</subfield>
    <subfield code="g">141360</subfield>
    <subfield code="0">240350</subfield>
  </datafield>
  <datafield tag="909" ind1="C" ind2="0">
    <subfield code="p">LMRP</subfield>
    <subfield code="0">252196</subfield>
    <subfield code="x">U11032</subfield>
  </datafield>
  <datafield tag="909" ind1="C" ind2="0">
    <subfield code="p">TTO</subfield>
    <subfield code="0">252085</subfield>
    <subfield code="x">U10021</subfield>
  </datafield>
  <datafield tag="937" ind1=" " ind2=" ">
    <subfield code="a">EPFL-PATENT-211803</subfield>
  </datafield>
  <datafield tag="973" ind1=" " ind2=" ">
    <subfield code="a">EPFL</subfield>
  </datafield>
  <datafield tag="980" ind1=" " ind2=" ">
    <subfield code="a">PATENT</subfield>
  </datafield>
</record>