
<record>
  <controlfield tag="001">209383</controlfield>
  <controlfield tag="005">20190117192446.0</controlfield>
  <datafield tag="037" ind1=" " ind2=" ">
    <subfield code="a">PATENT</subfield>
  </datafield>
  <datafield tag="245" ind1=" " ind2=" ">
    <subfield code="a">Dye sensitized nanostructured photovoltaic tandem cell</subfield>
  </datafield>
  <datafield tag="260" ind1=" " ind2=" ">
    <subfield code="c">1999</subfield>
    <subfield code="b">Swed.</subfield>
  </datafield>
  <datafield tag="269" ind1=" " ind2=" ">
    <subfield code="a">1999</subfield>
  </datafield>
  <datafield tag="336" ind1=" " ind2=" ">
    <subfield code="a">Patents</subfield>
  </datafield>
  <datafield tag="520" ind1=" " ind2=" ">
    <subfield code="a">The invention provides a device for obtaining an improved efficiency in a photovoltaic, nanostructured, dye sensitized cell structure, comprising a photoactive working electrode, a counter electrode and an electrolyte arranged there-between. The cell structure thereby forms a tandem cell in that the counter-electrode also is a photoactive electrode, whereby the photoactive working electrode and/or the photoactive electrode are built on a transparent substrate. Furthermore, both the photoactive working electrode and the photoactive electrode are made of porous nanostructured film and the photoactive working electrode is dye sensitized with a first dye. The first dye is selected such that the electron injection into the working electrode is so fast that the red-form of a redox-couple in the electrolyte as fast as possible replaces an injected electron. The second dye is selected such that it has a long lived excited state. In this case the material in the counter electrode is comprised of a semiconductor having a large band gap. In an alternative embodiment, the working electrode is dye sensitized corresponding to the first embodiment, whereas the counter electrode is comprised of a semiconductor with a band gap having absorption in the visible and/or IR region, whereby the light absorption in this electrode is further enhanced by a dye having been adsorbed onto the surface of the electrode.</subfield>
  </datafield>
  <datafield tag="653" ind1="1" ind2=" ">
    <subfield code="a">solar photoelectrochem cell dye sensitized nanostructured</subfield>
  </datafield>
  <datafield tag="700" ind1=" " ind2=" ">
    <subfield code="a">Lindquist, Sten-Eric</subfield>
  </datafield>
  <datafield tag="700" ind1=" " ind2=" ">
    <subfield code="a">Hagfeldt, Anders</subfield>
    <subfield code="g">164385</subfield>
    <subfield code="0">248439</subfield>
  </datafield>
  <datafield tag="909" ind1="C" ind2="0">
    <subfield code="p">LSPM</subfield>
    <subfield code="0">252532</subfield>
    <subfield code="x">U12908</subfield>
  </datafield>
  <datafield tag="909" ind1="C" ind2="O">
    <subfield code="o">oai:infoscience.tind.io:209383</subfield>
    <subfield code="p">SB</subfield>
  </datafield>
  <datafield tag="937" ind1=" " ind2=" ">
    <subfield code="a">EPFL-PATENT-209383</subfield>
  </datafield>
  <datafield tag="973" ind1=" " ind2=" ">
    <subfield code="a">OTHER</subfield>
    <subfield code="s">PUBLISHED</subfield>
    <subfield code="r">REVIEWED</subfield>
  </datafield>
  <datafield tag="980" ind1=" " ind2=" ">
    <subfield code="a">PATENT</subfield>
  </datafield>
</record>