
<record>
  <controlfield tag="001">204255</controlfield>
  <controlfield tag="005">20190317000056.0</controlfield>
  <datafield tag="013" ind1=" " ind2=" ">
    <subfield code="a">WO2014177198</subfield>
    <subfield code="c">A1</subfield>
    <subfield code="b">WO</subfield>
    <subfield code="d">20141106</subfield>
  </datafield>
  <datafield tag="024" ind1="7" ind2="0">
    <subfield code="a">48576947</subfield>
    <subfield code="2">EPO Family ID</subfield>
  </datafield>
  <datafield tag="037" ind1=" " ind2=" ">
    <subfield code="a">PATENT</subfield>
  </datafield>
  <datafield tag="245" ind1=" " ind2=" ">
    <subfield code="a">Dual-pump sweep-free stimulated Brillouin optical distributed sensing method and device</subfield>
  </datafield>
  <datafield tag="260" ind1=" " ind2=" ">
    <subfield code="c">2014</subfield>
    <subfield code="b">World Intellectual Property Organization</subfield>
  </datafield>
  <datafield tag="269" ind1=" " ind2=" ">
    <subfield code="a">2014</subfield>
  </datafield>
  <datafield tag="300" ind1=" " ind2=" ">
    <subfield code="a">43</subfield>
  </datafield>
  <datafield tag="336" ind1=" " ind2=" ">
    <subfield code="a">Patents</subfield>
  </datafield>
  <datafield tag="500" ind1=" " ind2=" ">
    <subfield code="a">Priority data: WO2013EP59023 20130430</subfield>
  </datafield>
  <datafield tag="520" ind1=" " ind2=" ">
    <subfield code="a">The present invention concerns a Brillouin optical distributed sensing method, comprising steps of: (i) providing a first and a second optical pulsed pump wave (20, 23) and an optical probe wave comprising at least one probe spectral component (26), (ii) detecting a stimulated Brillouin scattering signal resulting from the interactions in a sensing optical fiber of the optical probe wave with the first and the second optical pulsed pump waves (20, 23), (iii) spectrally arranging the first and the second optical pulsed pump waves (20, 23) and the optical probe wave so that the optical probe wave comprises a probe spectral component (26) located within the Stokes Brillouin spectrum (21) of the first optical pulsed pump wave (20) and a probe spectral component (26) located within the anti-Stokes Brillouin spectrum (24) of the second optical pulsed pump wave (23), (iv) deducing the Brillouin frequency (22, 25) of the Brillouin spectra (21, 24) from the stimulated Brillouin scattering signal. The present invention concerns also a device for implementing the method.</subfield>
  </datafield>
  <datafield tag="700" ind1=" " ind2=" ">
    <subfield code="a">Thévenaz, Luc</subfield>
    <subfield code="g">106544</subfield>
    <subfield code="0">240503</subfield>
  </datafield>
  <datafield tag="700" ind1=" " ind2=" ">
    <subfield code="a">Gonzalez Herraez, Miguel</subfield>
    <subfield code="g">159077</subfield>
    <subfield code="0">241138</subfield>
  </datafield>
  <datafield tag="700" ind1=" " ind2=" ">
    <subfield code="a">Le Floch, Sébastien</subfield>
  </datafield>
  <datafield tag="700" ind1=" " ind2=" ">
    <subfield code="a">Chin, Sanghoon</subfield>
  </datafield>
  <datafield tag="700" ind1=" " ind2=" ">
    <subfield code="a">Sauser, Florian</subfield>
  </datafield>
  <datafield tag="856" ind1="4" ind2=" ">
    <subfield code="z">URL</subfield>
    <subfield code="u">http://patentscope.wipo.int/search/en/WO2014177197</subfield>
  </datafield>
  <datafield tag="856" ind1="4" ind2=" ">
    <subfield code="y">Publisher's version</subfield>
    <subfield code="s">1813365</subfield>
    <subfield code="z">Publisher's version</subfield>
    <subfield code="u">http://infoscience.epfl.ch/record/204255/files/WO2014177198.pdf</subfield>
  </datafield>
  <datafield tag="909" ind1="C" ind2="0">
    <subfield code="p">SCI-STI-LT</subfield>
    <subfield code="0">252591</subfield>
    <subfield code="x">U12146</subfield>
  </datafield>
  <datafield tag="909" ind1="C" ind2="O">
    <subfield code="o">oai:infoscience.tind.io:204255</subfield>
    <subfield code="p">STI</subfield>
    <subfield code="q">GLOBAL_SET</subfield>
  </datafield>
  <datafield tag="917" ind1="Z" ind2="8">
    <subfield code="x">106544</subfield>
  </datafield>
  <datafield tag="937" ind1=" " ind2=" ">
    <subfield code="a">EPFL-PATENT-204255</subfield>
  </datafield>
  <datafield tag="973" ind1=" " ind2=" ">
    <subfield code="a">EPFL</subfield>
  </datafield>
  <datafield tag="980" ind1=" " ind2=" ">
    <subfield code="a">PATENT</subfield>
  </datafield>
</record>