
<record>
  <controlfield tag="001">135932</controlfield>
  <controlfield tag="005">20190113090852.0</controlfield>
  <datafield tag="013" ind1=" " ind2=" ">
    <subfield code="a">AU6773598</subfield>
    <subfield code="c">A</subfield>
    <subfield code="b">AU</subfield>
    <subfield code="d">19981020</subfield>
  </datafield>
  <datafield tag="013" ind1=" " ind2=" ">
    <subfield code="a">WO9843081</subfield>
    <subfield code="c">A1</subfield>
    <subfield code="b">WO</subfield>
    <subfield code="d">19981001</subfield>
  </datafield>
  <datafield tag="024" ind1="7" ind2="0">
    <subfield code="a">21916159</subfield>
    <subfield code="2">EPO Family ID</subfield>
  </datafield>
  <datafield tag="037" ind1=" " ind2=" ">
    <subfield code="a">PATENT</subfield>
  </datafield>
  <datafield tag="245" ind1=" " ind2=" ">
    <subfield code="a">Treatment of gastrointestinal disease with ppar modulators</subfield>
  </datafield>
  <datafield tag="260" ind1=" " ind2=" ">
    <subfield code="c">1998</subfield>
  </datafield>
  <datafield tag="269" ind1=" " ind2=" ">
    <subfield code="a">1998</subfield>
  </datafield>
  <datafield tag="336" ind1=" " ind2=" ">
    <subfield code="a">Patents</subfield>
  </datafield>
  <datafield tag="500" ind1=" " ind2=" ">
    <subfield code="a">Applicant(s): Ligand Pharm Inc [Us], Pasteur Institut [Fr], Lefebvre Anne-Marie, Auwerx Johan, Briggs Michael R</subfield>
  </datafield>
  <datafield tag="520" ind1=" " ind2=" ">
    <subfield code="a">Methods and compositions are provided for treating a host having a gastrointestinal (GI) disease by administering to the host a composition containing a pharmaceutically effective amount of a modulator of a Peroxisome Proliferator Activated Receptor (PPAR), particularly a modulator of PPAR gamma . Screening methods are also provided for identifying PPAR modulators which utilize cells derived from gastrointestinal tissue which express PPARs</subfield>
  </datafield>
  <datafield tag="700" ind1=" " ind2=" ">
    <subfield code="a">Lefebvre, A.-M.</subfield>
  </datafield>
  <datafield tag="700" ind1=" " ind2=" ">
    <subfield code="a">Auwerx, J.</subfield>
    <subfield code="g">185233</subfield>
    <subfield code="0">240040</subfield>
  </datafield>
  <datafield tag="700" ind1=" " ind2=" ">
    <subfield code="a">Briggs, M.R.</subfield>
  </datafield>
  <datafield tag="909" ind1="C" ind2="0">
    <subfield code="p">NCEM</subfield>
    <subfield code="0">252023</subfield>
    <subfield code="x">U11905</subfield>
  </datafield>
  <datafield tag="909" ind1="C" ind2="O">
    <subfield code="o">oai:infoscience.tind.io:135932</subfield>
    <subfield code="p">SV</subfield>
  </datafield>
  <datafield tag="937" ind1=" " ind2=" ">
    <subfield code="a">NCEM-PATENT-1998-002</subfield>
  </datafield>
  <datafield tag="973" ind1=" " ind2=" ">
    <subfield code="a">OTHER</subfield>
    <subfield code="s">PUBLISHED</subfield>
  </datafield>
  <datafield tag="980" ind1=" " ind2=" ">
    <subfield code="a">PATENT</subfield>
  </datafield>
</record>