
<record>
  <controlfield tag="001">101126</controlfield>
  <controlfield tag="005">20180317092327.0</controlfield>
  <datafield tag="013" ind1=" " ind2=" ">
    <subfield code="a">WO2006066439</subfield>
    <subfield code="c">A3</subfield>
    <subfield code="b">WO</subfield>
    <subfield code="d">20060914</subfield>
  </datafield>
  <datafield tag="013" ind1=" " ind2=" ">
    <subfield code="a">WO2006066439</subfield>
    <subfield code="c">A2</subfield>
    <subfield code="b">WO</subfield>
    <subfield code="d">20060629</subfield>
  </datafield>
  <datafield tag="013" ind1=" " ind2=" ">
    <subfield code="a">EP1674573</subfield>
    <subfield code="c">A1</subfield>
    <subfield code="b">EP</subfield>
    <subfield code="d">20060628</subfield>
  </datafield>
  <datafield tag="024" ind1="7" ind2="0">
    <subfield code="a">34932426</subfield>
    <subfield code="2">EPO Family ID</subfield>
  </datafield>
  <datafield tag="024" ind1="7" ind2="0">
    <subfield code="a">6.0549</subfield>
    <subfield code="2">TTO</subfield>
  </datafield>
  <datafield tag="037" ind1=" " ind2=" ">
    <subfield code="a">PATENT</subfield>
  </datafield>
  <datafield tag="245" ind1=" " ind2=" ">
    <subfield code="a">RNA-sequence or nucleoside/nucleotide analogues and method for producing the analogues</subfield>
  </datafield>
  <datafield tag="260" ind1=" " ind2=" ">
    <subfield code="c">2006</subfield>
  </datafield>
  <datafield tag="269" ind1=" " ind2=" ">
    <subfield code="a">2006</subfield>
  </datafield>
  <datafield tag="336" ind1=" " ind2=" ">
    <subfield code="a">Patents</subfield>
  </datafield>
  <datafield tag="520" ind1=" " ind2=" ">
    <subfield code="a">Nucleic acid sequence analogues, in particular tRNA analogues comprising in the place of a 3'-terminal adenosine a 3'-terminal 2'-deoxy-2'-thioadenosine are able to react site-specifically with weakly activated amino acid derivatives (e.g. phenylthioesters of amino acids), thereby connecting the amino acid to the 2'-thiol-group of the 3'-terminal thioadenosine via a thioester bond. A fast and thermodynamically favored intramolecular transesterification reaction leads then to the formation of the corresponding 3'-O-acyl-derivative. A correspondingly modified tRNA is an active analogue of an aminoacylated tRNA and allows introduction of the amino acid bound thereto into proteins. The aminoacylated tRNA analogue according to the invention can be isolated in pure form under acidic conditions (pH 5.0). At pH 7.4 and 25 DEG C it is found to have a half-life of 25 min, which compares well with the half-life of 40 min for the corresponding native compound.</subfield>
  </datafield>
  <datafield tag="700" ind1=" " ind2=" ">
    <subfield code="a">Pitsch, Stefan</subfield>
    <subfield code="g">145837</subfield>
    <subfield code="0">240732</subfield>
  </datafield>
  <datafield tag="700" ind1=" " ind2=" ">
    <subfield code="a">Meyyapan, Muthuppalaniappan</subfield>
  </datafield>
  <datafield tag="700" ind1=" " ind2=" ">
    <subfield code="a">Porcher, Sébastien</subfield>
    <subfield code="g">148140</subfield>
    <subfield code="0">245089</subfield>
  </datafield>
  <datafield tag="909" ind1="C" ind2="0">
    <subfield code="p">LCAN</subfield>
    <subfield code="0">252378</subfield>
  </datafield>
  <datafield tag="909" ind1="C" ind2="0">
    <subfield code="p">TTO</subfield>
    <subfield code="0">252085</subfield>
    <subfield code="x">U10021</subfield>
  </datafield>
  <datafield tag="937" ind1=" " ind2=" ">
    <subfield code="a">LCAN-PATENT-2007-002</subfield>
  </datafield>
  <datafield tag="973" ind1=" " ind2=" ">
    <subfield code="a">EPFL</subfield>
    <subfield code="s">PUBLISHED</subfield>
  </datafield>
  <datafield tag="980" ind1=" " ind2=" ">
    <subfield code="a">PATENT</subfield>
  </datafield>
</record>