
<record>
  <controlfield tag="001">81145</controlfield>
  <controlfield tag="005">20180317094222.0</controlfield>
  <datafield tag="013" ind1=" " ind2=" ">
    <subfield code="a">80-222918 152287</subfield>
  </datafield>
  <datafield tag="037" ind1=" " ind2=" ">
    <subfield code="a">PATENT</subfield>
  </datafield>
  <datafield tag="245" ind1=" " ind2=" ">
    <subfield code="a">Membranes from polycation-polyanion complexes</subfield>
  </datafield>
  <datafield tag="260" ind1=" " ind2=" ">
    <subfield code="c">1981</subfield>
    <subfield code="b">(Akademie der Wissenschaften der DDR, Institut fuer Polymerenchemie, Ger. Dem. Rep.).</subfield>
  </datafield>
  <datafield tag="269" ind1=" " ind2=" ">
    <subfield code="a">1981</subfield>
  </datafield>
  <datafield tag="336" ind1=" " ind2=" ">
    <subfield code="a">Patents</subfield>
  </datafield>
  <datafield tag="520" ind1=" " ind2=" ">
    <subfield code="a">Membranes suitable for microfiltration, ultrafiltration, and dialysis consist of polycation-polyanion complexes prepd. by casting an aq. soln. of CM-cellulose (I) and cellulose sulfate (II) into a film and then treating with a cationic polyelectrolyte. Thus, 2.5% solns. of I with degree of substitution 1.0 and II were mixed in amts. to give I-II ratio 2:1, cast into a 2.0 mm layer on a glass plate, topped with a 2.0 mm layer of 20-5% polyethylenimine soln., dried, removed from the plate, and washed. The resulting membrane had throughput 16.0 L/h-m2 and sepn. efficiency 79.5% when used in a Millipore US cell at 0.2 MPa to sep. a 1 g/L aq. soln. of dextran with mol. wt. 500,000. [on SciFinder (R)]</subfield>
  </datafield>
  <datafield tag="700" ind1=" " ind2=" ">
    <subfield code="a">Hong, Luu T.</subfield>
  </datafield>
  <datafield tag="700" ind1=" " ind2=" ">
    <subfield code="a">Philipp, Burkart</subfield>
  </datafield>
  <datafield tag="700" ind1=" " ind2=" ">
    <subfield code="a">Schwarz, Hans Hartmut</subfield>
  </datafield>
  <datafield tag="700" ind1=" " ind2=" ">
    <subfield code="a">Dawydoff, Wladimir</subfield>
  </datafield>
  <datafield tag="700" ind1=" " ind2=" ">
    <subfield code="a">Wagenknecht, Wolfgang</subfield>
  </datafield>
  <datafield tag="700" ind1=" " ind2=" ">
    <subfield code="a">Wandrey, Christine</subfield>
    <subfield code="g">112792</subfield>
    <subfield code="0">241193</subfield>
  </datafield>
  <datafield tag="909" ind1="C" ind2="0">
    <subfield code="p">LMRP</subfield>
    <subfield code="0">252196</subfield>
    <subfield code="x">U11032</subfield>
  </datafield>
  <datafield tag="937" ind1=" " ind2=" ">
    <subfield code="a">LMRP-PATENT-1981-001</subfield>
  </datafield>
  <datafield tag="970" ind1=" " ind2=" ">
    <subfield code="a">220/LMRP</subfield>
  </datafield>
  <datafield tag="973" ind1=" " ind2=" ">
    <subfield code="a">EPFL</subfield>
    <subfield code="s">PUBLISHED</subfield>
  </datafield>
  <datafield tag="980" ind1=" " ind2=" ">
    <subfield code="a">PATENT</subfield>
  </datafield>
</record>