
<record>
  <controlfield tag="001">79751</controlfield>
  <controlfield tag="005">20180317094502.0</controlfield>
  <datafield tag="013" ind1=" " ind2=" ">
    <subfield code="a">84-3426114 3426114</subfield>
  </datafield>
  <datafield tag="037" ind1=" " ind2=" ">
    <subfield code="a">PATENT</subfield>
  </datafield>
  <datafield tag="245" ind1=" " ind2=" ">
    <subfield code="a">Pickling method for aluminum</subfield>
  </datafield>
  <datafield tag="260" ind1=" " ind2=" ">
    <subfield code="c">1985</subfield>
    <subfield code="b">(Switz.).</subfield>
  </datafield>
  <datafield tag="269" ind1=" " ind2=" ">
    <subfield code="a">1985</subfield>
  </datafield>
  <datafield tag="336" ind1=" " ind2=" ">
    <subfield code="a">Patents</subfield>
  </datafield>
  <datafield tag="520" ind1=" " ind2=" ">
    <subfield code="a">Etched Al of uniform quality is obtained at a const. rate by pptg. Al(OH)3 from the bath with simultaneous regeneration of the NaOH or KOH. The pptn. is promoted by addn. of Na2CO3. Filterability of the ppt. is improved by the addn. of complexing agents, e.g. Na gluconate. Thus, water 12 m3 at 40-60 Deg, Na2CO3 1000, NaOH 280, and Na gluconate [527-07-1] 6 kg were placed into container, dild. to 20 m3, mixed, and heated to .apprx.70 Deg. Hot etching was done at 70-75 Deg, pH 11.7 +- 0.1, and 6.5 +- 0.5 g Al/m2-min for 1-10 min. After treatment of .apprx.5000 m2 of Al, pptn. of Al(OH)3 began. The solid content was allowed to increase to .apprx.350 kg (corresponding to the treatment of another 5000 m2 of Al), and was then kept at 250-500 kg by continuous or batchwise filtration. The filter cake was washed with water, and the filtrate and wash water were recycled. The bath was maintained by periodic addn. of water, Na2CO3 100, NaOH 50, and Na gluconate 2 kg. [on SciFinder (R)]</subfield>
  </datafield>
  <datafield tag="700" ind1=" " ind2=" ">
    <subfield code="a">Plattner, E.</subfield>
  </datafield>
  <datafield tag="700" ind1=" " ind2=" ">
    <subfield code="a">Comninellis, C.</subfield>
    <subfield code="g">104807</subfield>
    <subfield code="0">240416</subfield>
  </datafield>
  <datafield tag="909" ind1="C" ind2="0">
    <subfield code="p">GGEC</subfield>
    <subfield code="0">252005</subfield>
    <subfield code="x">U10173</subfield>
  </datafield>
  <datafield tag="937" ind1=" " ind2=" ">
    <subfield code="a">GGEC-PATENT-1985-001</subfield>
  </datafield>
  <datafield tag="970" ind1=" " ind2=" ">
    <subfield code="a">183/GGEC</subfield>
  </datafield>
  <datafield tag="973" ind1=" " ind2=" ">
    <subfield code="a">EPFL</subfield>
    <subfield code="s">PUBLISHED</subfield>
  </datafield>
  <datafield tag="980" ind1=" " ind2=" ">
    <subfield code="a">PATENT</subfield>
  </datafield>
</record>