
<record>
  <controlfield tag="001">79747</controlfield>
  <controlfield tag="005">20180317094502.0</controlfield>
  <datafield tag="013" ind1=" " ind2=" ">
    <subfield code="a">83-CH145 8402522</subfield>
  </datafield>
  <datafield tag="037" ind1=" " ind2=" ">
    <subfield code="a">PATENT</subfield>
  </datafield>
  <datafield tag="245" ind1=" " ind2=" ">
    <subfield code="a">Aldehyde</subfield>
  </datafield>
  <datafield tag="260" ind1=" " ind2=" ">
    <subfield code="c">1984</subfield>
    <subfield code="b">(Givaudan, L., et Cie. S. A., Switz.).</subfield>
  </datafield>
  <datafield tag="269" ind1=" " ind2=" ">
    <subfield code="a">1984</subfield>
  </datafield>
  <datafield tag="336" ind1=" " ind2=" ">
    <subfield code="a">Patents</subfield>
  </datafield>
  <datafield tag="520" ind1=" " ind2=" ">
    <subfield code="a">4-Me3CC6H4CHO was prepd. by oxidn. of 4-Me3CC6H4Me by a Mn3+ salt, esp. Mn2(SO4)3, in turn prepd. by electrochem. oxidn. of a Mn2+ salt in a sep. reaction vessel. Data for 3 runs were given. [on SciFinder (R)]</subfield>
  </datafield>
  <datafield tag="700" ind1=" " ind2=" ">
    <subfield code="a">Comninellis, Christos</subfield>
    <subfield code="g">104807</subfield>
    <subfield code="0">240416</subfield>
  </datafield>
  <datafield tag="700" ind1=" " ind2=" ">
    <subfield code="a">Plattner, Eric</subfield>
  </datafield>
  <datafield tag="909" ind1="C" ind2="0">
    <subfield code="p">GGEC</subfield>
    <subfield code="0">252005</subfield>
    <subfield code="x">U10173</subfield>
  </datafield>
  <datafield tag="937" ind1=" " ind2=" ">
    <subfield code="a">GGEC-PATENT-1984-001</subfield>
  </datafield>
  <datafield tag="970" ind1=" " ind2=" ">
    <subfield code="a">60/GGEC</subfield>
  </datafield>
  <datafield tag="973" ind1=" " ind2=" ">
    <subfield code="a">EPFL</subfield>
    <subfield code="s">PUBLISHED</subfield>
  </datafield>
  <datafield tag="980" ind1=" " ind2=" ">
    <subfield code="a">PATENT</subfield>
  </datafield>
</record>