
<record>
  <controlfield tag="001">79741</controlfield>
  <controlfield tag="005">20180317094501.0</controlfield>
  <datafield tag="013" ind1=" " ind2=" ">
    <subfield code="a">82-101587 60437</subfield>
  </datafield>
  <datafield tag="037" ind1=" " ind2=" ">
    <subfield code="a">PATENT</subfield>
  </datafield>
  <datafield tag="245" ind1=" " ind2=" ">
    <subfield code="a">Electrochemical process for benzanthrones and planar polycyclic aromatic oxo compounds</subfield>
  </datafield>
  <datafield tag="260" ind1=" " ind2=" ">
    <subfield code="c">1982</subfield>
    <subfield code="b">(Ciba-Geigy A.-G., Switz.).</subfield>
  </datafield>
  <datafield tag="269" ind1=" " ind2=" ">
    <subfield code="a">1982</subfield>
  </datafield>
  <datafield tag="336" ind1=" " ind2=" ">
    <subfield code="a">Patents</subfield>
  </datafield>
  <datafield tag="520" ind1=" " ind2=" ">
    <subfield code="a">The title compds., useful in the prodn. of dye intermediates, are prepd. in acid media in an electrolysis cell whose electrodes are sepd. by a membrane. At the cathode, anthraquinones are reductively cyclized with glycerol [56-81-5] to give the corresponding benzanthrones. In the anode chamber the oxidn. state of a transition metal ion is electrochem. increased by 1 and the resulting ion serves as a chem. oxidant for a planar polycyclic arom. compd. Thus, to the cathode chamber contg. 46.8 g anthraquinone [84-65-1] in 1300 g H2SO4, 31.05 g glycerol was added dropwise while the current was running. On the anodic side 10 g MnSO4.H2O was suspended in 130 g 88% H2SO4. benzanthrone [82-05-3] (85%) Was isolated from the cathodic portion, while the anolyte was used to cyclooxidize 10 g 4,4'-bibenzanthrone [116-90-5] to dioxoviolanthrone [64346-54-9] which was reduced with NaHSO3 to dihydroxyviolanthrone (I) [26545-62-0] in 76.4% yield. I was used as an intermediate in the synthesis of vat dyes. [on SciFinder (R)]</subfield>
  </datafield>
  <datafield tag="700" ind1=" " ind2=" ">
    <subfield code="a">Jaeger, Horst</subfield>
  </datafield>
  <datafield tag="700" ind1=" " ind2=" ">
    <subfield code="a">Plattner, Eric</subfield>
  </datafield>
  <datafield tag="700" ind1=" " ind2=" ">
    <subfield code="a">Bersier, Jacques</subfield>
  </datafield>
  <datafield tag="700" ind1=" " ind2=" ">
    <subfield code="a">Comninellis, Christos</subfield>
    <subfield code="g">104807</subfield>
    <subfield code="0">240416</subfield>
  </datafield>
  <datafield tag="909" ind1="C" ind2="0">
    <subfield code="p">GGEC</subfield>
    <subfield code="0">252005</subfield>
    <subfield code="x">U10173</subfield>
  </datafield>
  <datafield tag="937" ind1=" " ind2=" ">
    <subfield code="a">GGEC-PATENT-1982-001</subfield>
  </datafield>
  <datafield tag="970" ind1=" " ind2=" ">
    <subfield code="a">61/GGEC</subfield>
  </datafield>
  <datafield tag="973" ind1=" " ind2=" ">
    <subfield code="a">EPFL</subfield>
    <subfield code="s">PUBLISHED</subfield>
  </datafield>
  <datafield tag="980" ind1=" " ind2=" ">
    <subfield code="a">PATENT</subfield>
  </datafield>
</record>