
<record>
  <controlfield tag="001">231793</controlfield>
  <controlfield tag="005">20180913064530.0</controlfield>
  <datafield tag="013" ind1=" " ind2=" ">
    <subfield code="a">US2017103550</subfield>
    <subfield code="c">A1</subfield>
    <subfield code="b">US</subfield>
    <subfield code="d">20170413</subfield>
  </datafield>
  <datafield tag="024" ind1="7" ind2="0">
    <subfield code="a">58499802</subfield>
    <subfield code="2">EPO Family ID</subfield>
  </datafield>
  <datafield tag="037" ind1=" " ind2=" ">
    <subfield code="a">PATENT</subfield>
  </datafield>
  <datafield tag="245" ind1=" " ind2=" ">
    <subfield code="a">Reconstruction using approximate message passing methods</subfield>
  </datafield>
  <datafield tag="260" ind1=" " ind2=" ">
    <subfield code="c">2017</subfield>
  </datafield>
  <datafield tag="269" ind1=" " ind2=" ">
    <subfield code="a">2017</subfield>
  </datafield>
  <datafield tag="336" ind1=" " ind2=" ">
    <subfield code="a">Patents</subfield>
  </datafield>
  <datafield tag="520" ind1=" " ind2=" ">
    <subfield code="a">The present invention is notably directed to a computer-implemented method for image reconstruction. The method comprises: accessing elements that respectively correspond to measurement values, which can be respectively mapped to measurement nodes; and performing message passing estimator operations to obtain estimates of random variables associated with variable nodes, according to a message passing method in a bipartite factor graph. In this message passing method: the measurement values are, each, expressed as a term that comprises linear combinations of the random variables; each message exchanged between any of the measurement nodes and any of the variable nodes is parameterized by parameters of a distribution of the random variables; and performing the message passing estimator operations further comprises randomly mapping measurement values to the measurement nodes, at one or more iterations of the message passing method. Finally, image data are obtained from the obtained estimates of the random variables, which image data are adapted to reconstruct an image. The present invention is further directed to related systems and methods using the above image reconstruction method.</subfield>
  </datafield>
  <datafield tag="700" ind1=" " ind2=" ">
    <subfield code="a">Cherubini, Giovanni</subfield>
  </datafield>
  <datafield tag="700" ind1=" " ind2=" ">
    <subfield code="a">Hurley, Paul</subfield>
  </datafield>
  <datafield tag="700" ind1=" " ind2=" ">
    <subfield code="a">Kazemi, Sanaz</subfield>
  </datafield>
  <datafield tag="700" ind1=" " ind2=" ">
    <subfield code="a">Simeoni, Matthieu Martin Jean-Andre</subfield>
    <subfield code="g">216691</subfield>
    <subfield code="0">249453</subfield>
  </datafield>
  <datafield tag="909" ind1="C" ind2="0">
    <subfield code="p">IINFCOM</subfield>
    <subfield code="0">252579</subfield>
    <subfield code="x">U13217</subfield>
  </datafield>
  <datafield tag="909" ind1="C" ind2="O">
    <subfield code="o">oai:infoscience.tind.io:231793</subfield>
    <subfield code="p">IC</subfield>
  </datafield>
  <datafield tag="917" ind1="Z" ind2="8">
    <subfield code="x">216691</subfield>
  </datafield>
  <datafield tag="917" ind1="Z" ind2="8">
    <subfield code="x">216691</subfield>
  </datafield>
  <datafield tag="937" ind1=" " ind2=" ">
    <subfield code="a">EPFL-PATENT-231793</subfield>
  </datafield>
  <datafield tag="973" ind1=" " ind2=" ">
    <subfield code="a">EPFL</subfield>
  </datafield>
  <datafield tag="980" ind1=" " ind2=" ">
    <subfield code="a">PATENT</subfield>
  </datafield>
</record>