
<record>
  <controlfield tag="001">230160</controlfield>
  <controlfield tag="005">20190317000800.0</controlfield>
  <datafield tag="013" ind1=" " ind2=" ">
    <subfield code="a">WO2017081635</subfield>
    <subfield code="c">A1</subfield>
    <subfield code="b">WO</subfield>
    <subfield code="d">20170518</subfield>
  </datafield>
  <datafield tag="024" ind1="7" ind2="0">
    <subfield code="a">55071078</subfield>
    <subfield code="2">EPO Family ID</subfield>
  </datafield>
  <datafield tag="024" ind1="7" ind2="0">
    <subfield code="a">6.1540</subfield>
    <subfield code="2">TTO</subfield>
  </datafield>
  <datafield tag="037" ind1=" " ind2=" ">
    <subfield code="a">PATENT</subfield>
  </datafield>
  <datafield tag="245" ind1=" " ind2=" ">
    <subfield code="a">Small-scale metal castings, small-scale metal/transparent composite structures and process to produce same</subfield>
  </datafield>
  <datafield tag="260" ind1=" " ind2=" ">
    <subfield code="c">2017</subfield>
  </datafield>
  <datafield tag="269" ind1=" " ind2=" ">
    <subfield code="a">2017</subfield>
  </datafield>
  <datafield tag="336" ind1=" " ind2=" ">
    <subfield code="a">Patents</subfield>
  </datafield>
  <datafield tag="520" ind1=" " ind2=" ">
    <subfield code="a">The method comprises at least the following steps: - exposing a substrate to focused laser irradiation at a preselected series of locations that trace a subset of the substrate volume that is connected to the surface of the substrate; some subsets of substrate volume not connected to the surface of the substrate may also be exposed at the same time for other purposes, for instance, so that they can be used as waveguides or other optical elements or for another subsequent etching step; - removing the substrate material from the exposed preselected series of locations to create within the substrate at least one cavity that is connected to the surface of the substrate; - immersing the cavity-containing substrate in an appropriate atmosphere such as a selected gas or vacuum and, within this atmosphere, - contacting the substrate surface with the molten castable material surface at locations where the cavity or cavities emerges from the substrate; - applying pressure to the castable material to cause it to infiltrate the substrate cavities; and - solidifying the castable material within the cavities.</subfield>
  </datafield>
  <datafield tag="700" ind1=" " ind2=" ">
    <subfield code="a">Mortensen, Andreas</subfield>
    <subfield code="g">112836</subfield>
    <subfield code="0">240159</subfield>
  </datafield>
  <datafield tag="700" ind1=" " ind2=" ">
    <subfield code="a">Bellouard, Yves</subfield>
    <subfield code="g">109297</subfield>
    <subfield code="0">248800</subfield>
  </datafield>
  <datafield tag="700" ind1=" " ind2=" ">
    <subfield code="a">Charvet, Raphaël</subfield>
  </datafield>
  <datafield tag="700" ind1=" " ind2=" ">
    <subfield code="a">Dénéréaz, Cyril</subfield>
  </datafield>
  <datafield tag="856" ind1="4" ind2=" ">
    <subfield code="y">n/a</subfield>
    <subfield code="s">3737357</subfield>
    <subfield code="z">n/a</subfield>
    <subfield code="u">http://infoscience.epfl.ch/record/230160/files/P2953PC01%20Publication%20WO2017081635%20A1.pdf</subfield>
  </datafield>
  <datafield tag="909" ind1="C" ind2="0">
    <subfield code="p">LMM</subfield>
    <subfield code="0">252046</subfield>
    <subfield code="x">U10336</subfield>
  </datafield>
  <datafield tag="909" ind1="C" ind2="0">
    <subfield code="p">TTO</subfield>
    <subfield code="0">252085</subfield>
    <subfield code="x">U10021</subfield>
  </datafield>
  <datafield tag="909" ind1="C" ind2="0">
    <subfield code="p">GALATEA</subfield>
    <subfield code="0">252537</subfield>
    <subfield code="x">U13016</subfield>
  </datafield>
  <datafield tag="909" ind1="C" ind2="O">
    <subfield code="o">oai:infoscience.tind.io:230160</subfield>
    <subfield code="p">STI</subfield>
    <subfield code="q">GLOBAL_SET</subfield>
  </datafield>
  <datafield tag="917" ind1="Z" ind2="8">
    <subfield code="x">112836</subfield>
  </datafield>
  <datafield tag="937" ind1=" " ind2=" ">
    <subfield code="a">EPFL-PATENT-230160</subfield>
  </datafield>
  <datafield tag="973" ind1=" " ind2=" ">
    <subfield code="a">EPFL</subfield>
  </datafield>
  <datafield tag="980" ind1=" " ind2=" ">
    <subfield code="a">PATENT</subfield>
  </datafield>
</record>