
<record>
  <controlfield tag="001">228350</controlfield>
  <controlfield tag="005">20180913064332.0</controlfield>
  <datafield tag="013" ind1=" " ind2=" ">
    <subfield code="a">US9794525</subfield>
    <subfield code="c">B2</subfield>
    <subfield code="b">US</subfield>
    <subfield code="d">20171017</subfield>
  </datafield>
  <datafield tag="013" ind1=" " ind2=" ">
    <subfield code="a">US2015281655</subfield>
    <subfield code="c">A1</subfield>
    <subfield code="b">US</subfield>
    <subfield code="d">20151001</subfield>
  </datafield>
  <datafield tag="024" ind1="7" ind2="0">
    <subfield code="a">54192221</subfield>
    <subfield code="2">EPO Family ID</subfield>
  </datafield>
  <datafield tag="024" ind1="7" ind2="0">
    <subfield code="a">6.1349</subfield>
    <subfield code="2">TTO</subfield>
  </datafield>
  <datafield tag="037" ind1=" " ind2=" ">
    <subfield code="a">PATENT</subfield>
  </datafield>
  <datafield tag="245" ind1=" " ind2=" ">
    <subfield code="a">Systems and methods for tracking interacting objects</subfield>
  </datafield>
  <datafield tag="260" ind1=" " ind2=" ">
    <subfield code="c">2015</subfield>
  </datafield>
  <datafield tag="269" ind1=" " ind2=" ">
    <subfield code="a">2015</subfield>
  </datafield>
  <datafield tag="336" ind1=" " ind2=" ">
    <subfield code="a">Patents</subfield>
  </datafield>
  <datafield tag="520" ind1=" " ind2=" ">
    <subfield code="a">Systems and methods for tracking interacting objects may acquire, with a sensor, and two or more images associated with two or more time instances. A processor may generate image data from the two or more images. The processor may apply an extended Probability Occupancy Map (POM) algorithm to the image data to obtain probability of occupancy for a container class of potentially interacting objects, probability of occupancy for a containee class of the potentially interacting objects, and a size relationship of the potentially interacting objects, over a set of discrete locations on a ground plane for each time instance. The processor may estimate trajectories of an object belonging to each of the two classes by determining a solution of a tracking model on the basis of the occupancy probabilities and a set of rules describing the interaction between objects of different or the same classes.</subfield>
  </datafield>
  <datafield tag="700" ind1=" " ind2=" ">
    <subfield code="a">Turetken, Engin</subfield>
  </datafield>
  <datafield tag="700" ind1=" " ind2=" ">
    <subfield code="a">Fua, Pascal</subfield>
    <subfield code="g">112366</subfield>
    <subfield code="0">240252</subfield>
  </datafield>
  <datafield tag="700" ind1=" " ind2=" ">
    <subfield code="a">Fleuret, Francois</subfield>
    <subfield code="g">146262</subfield>
    <subfield code="0">240254</subfield>
  </datafield>
  <datafield tag="700" ind1=" " ind2=" ">
    <subfield code="a">Wang, Xinchao</subfield>
    <subfield code="g">199318</subfield>
    <subfield code="0">245095</subfield>
  </datafield>
  <datafield tag="909" ind1="C" ind2="0">
    <subfield code="p">TTO</subfield>
    <subfield code="0">252085</subfield>
    <subfield code="x">U10021</subfield>
  </datafield>
  <datafield tag="909" ind1="C" ind2="0">
    <subfield code="p">CVLAB</subfield>
    <subfield code="0">252087</subfield>
    <subfield code="x">U10659</subfield>
  </datafield>
  <datafield tag="909" ind1="C" ind2="O">
    <subfield code="o">oai:infoscience.tind.io:228350</subfield>
    <subfield code="p">IC</subfield>
  </datafield>
  <datafield tag="917" ind1="Z" ind2="8">
    <subfield code="x">112366</subfield>
  </datafield>
  <datafield tag="937" ind1=" " ind2=" ">
    <subfield code="a">EPFL-PATENT-228350</subfield>
  </datafield>
  <datafield tag="973" ind1=" " ind2=" ">
    <subfield code="a">EPFL</subfield>
  </datafield>
  <datafield tag="980" ind1=" " ind2=" ">
    <subfield code="a">PATENT</subfield>
  </datafield>
</record>