
<record>
  <controlfield tag="001">228115</controlfield>
  <controlfield tag="005">20180317092335.0</controlfield>
  <datafield tag="013" ind1=" " ind2=" ">
    <subfield code="a">US2016030908</subfield>
    <subfield code="c">A1</subfield>
    <subfield code="b">US</subfield>
    <subfield code="d">20160204</subfield>
  </datafield>
  <datafield tag="013" ind1=" " ind2=" ">
    <subfield code="a">EP2964577</subfield>
    <subfield code="c">A1</subfield>
    <subfield code="b">EP</subfield>
    <subfield code="d">20160113</subfield>
  </datafield>
  <datafield tag="013" ind1=" " ind2=" ">
    <subfield code="a">WO2014136073</subfield>
    <subfield code="c">A1</subfield>
    <subfield code="b">WO</subfield>
    <subfield code="d">20140912</subfield>
  </datafield>
  <datafield tag="024" ind1="7" ind2="0">
    <subfield code="a">50543258</subfield>
    <subfield code="2">EPO Family ID</subfield>
  </datafield>
  <datafield tag="024" ind1="7" ind2="0">
    <subfield code="a">6.1276</subfield>
    <subfield code="2">TTO</subfield>
  </datafield>
  <datafield tag="037" ind1=" " ind2=" ">
    <subfield code="a">PATENT</subfield>
  </datafield>
  <datafield tag="245" ind1=" " ind2=" ">
    <subfield code="a">Titanium oxide aerogel composites</subfield>
  </datafield>
  <datafield tag="260" ind1=" " ind2=" ">
    <subfield code="c">2016</subfield>
  </datafield>
  <datafield tag="269" ind1=" " ind2=" ">
    <subfield code="a">2016</subfield>
  </datafield>
  <datafield tag="336" ind1=" " ind2=" ">
    <subfield code="a">Patents</subfield>
  </datafield>
  <datafield tag="520" ind1=" " ind2=" ">
    <subfield code="a">The invention relates to titanium oxide aerogels, in particular to titanium oxide binary or ternary (e.g. titanium oxide-carbon) aerogel monoliths possessing ordered meso- and macroporosity. The porous scaffold can be made with or without addition of binders and/or surfactants. The aerogel obtained by this method has a specific surface area greater than 60 m2/g and porosity larger than 60%. The surface area ranges from 60 to 300 m2/g. The porosity can reach as high as 99.6%. The size of the titanium oxide crystals are between 5 nm and 100 nm. The aerogel contains 100% titanium oxide. The composite (binary or ternary) aerogel can be prepared by adding at least 10% carbon in the form of (carbon nanotubes, carbon nanofibers, carbon microfibers, exfoliated graphene, cellulose fibers, polymer fibers, metallic and metal oxide nano and microfibers etc.). The aerogel can be prepared with a predeterminable shape. It can be shaped in a mold having a shape of a cylinder, cube, sheet or sphere. The aerogel can be also transformed into a supported or self-standing film with a thickness. The material can be used as a self-cleaning filter e.g. in a solar-thermal water and air purification system, in mesoscopic solar cells e.g. dye sensitized solar cells, multifunctional filler in polymer composites, in ceramics, in metals, thermoelectric material to convert (waste) heat into electricity, heat insulation material and electrode material in lithium ion batteries and supercapacitors.</subfield>
  </datafield>
  <datafield tag="700" ind1=" " ind2=" ">
    <subfield code="a">Horváth, Endre</subfield>
  </datafield>
  <datafield tag="700" ind1=" " ind2=" ">
    <subfield code="a">Forró, László</subfield>
  </datafield>
  <datafield tag="700" ind1=" " ind2=" ">
    <subfield code="a">Magrez, Arnaud</subfield>
  </datafield>
  <datafield tag="909" ind1="C" ind2="0">
    <subfield code="p">TTO</subfield>
    <subfield code="0">252085</subfield>
    <subfield code="x">U10021</subfield>
  </datafield>
  <datafield tag="937" ind1=" " ind2=" ">
    <subfield code="a">EPFL-PATENT-228115</subfield>
  </datafield>
  <datafield tag="973" ind1=" " ind2=" ">
    <subfield code="a">EPFL</subfield>
  </datafield>
  <datafield tag="980" ind1=" " ind2=" ">
    <subfield code="a">PATENT</subfield>
  </datafield>
</record>