
<record>
  <controlfield tag="001">228104</controlfield>
  <controlfield tag="005">20190507143831.0</controlfield>
  <datafield tag="013" ind1=" " ind2=" ">
    <subfield code="a">US2017205337</subfield>
    <subfield code="c">A1</subfield>
    <subfield code="b">US</subfield>
    <subfield code="d">20170720</subfield>
  </datafield>
  <datafield tag="013" ind1=" " ind2=" ">
    <subfield code="a">EP3172698</subfield>
    <subfield code="c">A1</subfield>
    <subfield code="b">EP</subfield>
    <subfield code="d">20170531</subfield>
  </datafield>
  <datafield tag="013" ind1=" " ind2=" ">
    <subfield code="a">WO2016012980</subfield>
    <subfield code="c">A1</subfield>
    <subfield code="b">WO</subfield>
    <subfield code="d">20160128</subfield>
  </datafield>
  <datafield tag="024" ind1="7" ind2="0">
    <subfield code="a">54151327</subfield>
    <subfield code="2">EPO Family ID</subfield>
  </datafield>
  <datafield tag="024" ind1="7" ind2="0">
    <subfield code="a">6.1352</subfield>
    <subfield code="2">TTO</subfield>
  </datafield>
  <datafield tag="037" ind1=" " ind2=" ">
    <subfield code="a">PATENT</subfield>
  </datafield>
  <datafield tag="245" ind1=" " ind2=" ">
    <subfield code="a">Compact multifunctional system for imaging spectroscopy</subfield>
  </datafield>
  <datafield tag="260" ind1=" " ind2=" ">
    <subfield code="c">2016</subfield>
  </datafield>
  <datafield tag="269" ind1=" " ind2=" ">
    <subfield code="a">2016</subfield>
  </datafield>
  <datafield tag="336" ind1=" " ind2=" ">
    <subfield code="a">Patents</subfield>
  </datafield>
  <datafield tag="520" ind1=" " ind2=" ">
    <subfield code="a">A method for obtaining spectral imaging data comprises at least the steps of receiving a sample set of data generated by sampling a spectral property of an image of an object in a spatial basis, wherein the sampling of the spectral property of the image of the object comprises providing a Spectral Filter Array (SFA) by arranging a plurality of SFA elements together to form a surface; configuring each SFA element of the plurality of SFA elements to filter one or more spectral bandwidths centered each at specific wavelengths corresponding to that SFA element, whereby all of the plurality of SFA elements taken together cover a determined spectral range; and setting the specific wavelengths of each SFA element of the plurality of SFA elements on the surface such to obtain a uniform and aperiodic spatial distribution of all of the plurality of SFA elements across the surface. The sampling of the spectral property of the image of the object further comprises providing an image sensor configured to record at each pixel the light filtered by one of the plurality of SFA elements or a subset of the plurality of SFA elements thereby producing one intensity value of light filtered by the one of the plurality of elements or the subset of the plurality of SFA elements per pixel; forming the image of the object on the SFA through a lens or group of lenses; and recording for all of the pixels of the image sensor the spectrally filtered intensity values thereby obtaining a 2-dimensional array of the intensity values corresponding to the image of the object. The method for obtaining spectral imaging data further comprises the step of reconstructing a full 3 dimensional spectral data cube of the imaged object from the sampled 2-dimensional array.</subfield>
  </datafield>
  <datafield tag="700" ind1=" " ind2=" ">
    <subfield code="a">Akhtman, Yosef</subfield>
    <subfield code="0">245132</subfield>
    <subfield code="g">206637</subfield>
  </datafield>
  <datafield tag="700" ind1=" " ind2=" ">
    <subfield code="a">Constantin, Dragos</subfield>
  </datafield>
  <datafield tag="909" ind1="C" ind2="0">
    <subfield code="p">TTO</subfield>
    <subfield code="0">252085</subfield>
    <subfield code="x">U10021</subfield>
  </datafield>
  <datafield tag="937" ind1=" " ind2=" ">
    <subfield code="a">EPFL-PATENT-228104</subfield>
  </datafield>
  <datafield tag="973" ind1=" " ind2=" ">
    <subfield code="a">EPFL</subfield>
  </datafield>
  <datafield tag="980" ind1=" " ind2=" ">
    <subfield code="a">PATENT</subfield>
  </datafield>
</record>