
<record>
  <controlfield tag="001">226130</controlfield>
  <controlfield tag="005">20190507143830.0</controlfield>
  <datafield tag="013" ind1=" " ind2=" ">
    <subfield code="a">WO 2014045141 A2</subfield>
  </datafield>
  <datafield tag="037" ind1=" " ind2=" ">
    <subfield code="a">PATENT</subfield>
  </datafield>
  <datafield tag="245" ind1=" " ind2=" ">
    <subfield code="a">Laminated glazing with coloured reflection and high solar transmittance suitable for solar energy systems</subfield>
  </datafield>
  <datafield tag="260" ind1=" " ind2=" ">
    <subfield code="c">2017</subfield>
  </datafield>
  <datafield tag="269" ind1=" " ind2=" ">
    <subfield code="a">2017</subfield>
  </datafield>
  <datafield tag="336" ind1=" " ind2=" ">
    <subfield code="a">Patents</subfield>
  </datafield>
  <datafield tag="520" ind1=" " ind2=" ">
    <subfield code="a">Laminated and etched glazing unit for architectural integration of solar energy systems comprising a substrate delimited by two main faces and a multi-layered interference filter also delimited by two main faces, one main face of said substrate being adapted to be in contact with an incident medium, the other main face being in contact with a main face of said interference filter, the other main face of said interference filter being adapted to be in contact with an exit medium; said incident medium having a refractive index ninc = 1, said substrate having a refractive index nsubstrate defined as follows : 1.45≤ nsubstrate ≤ 1.6 at 550 nm, and said exit medium being defined as follows 1.45≤ nexit ≤ 1.6 at 550 nm; and wherein said unit is designed in such a way that the following requirements are met : 1a) The saturation of the colour, given by C*ab = √ (a*)2 + (b*)2, according to the CIE colour coordinates L*, a* and b* under daylight illumination CIE-D65 is higher than 8 at near-normal angle of reflection, except for grey and brown. 1b) The visible reflectance at near-normal angle of reflection Rvis is higher than 4%. 1c) The variation of the dominant wavelength λMD of the dominant colour MD of the reflection with varying angle of reflection Θr is smaller than 15 nm for Θr &lt; 60°. 1d) The total hemispherical solar transmittance at near-normal incidence is above 80%.</subfield>
  </datafield>
  <datafield tag="700" ind1=" " ind2=" ">
    <subfield code="a">Hody Le Caër, Virginie</subfield>
    <subfield code="0">242624</subfield>
    <subfield code="g">200016</subfield>
  </datafield>
  <datafield tag="700" ind1=" " ind2=" ">
    <subfield code="a">Schüler, Andreas</subfield>
  </datafield>
  <datafield tag="909" ind1="C" ind2="0">
    <subfield code="p">LESO-PB</subfield>
    <subfield code="0">252072</subfield>
    <subfield code="x">U10262</subfield>
  </datafield>
  <datafield tag="909" ind1="C" ind2="O">
    <subfield code="o">oai:infoscience.tind.io:226130</subfield>
    <subfield code="p">ENAC</subfield>
  </datafield>
  <datafield tag="917" ind1="Z" ind2="8">
    <subfield code="x">106442</subfield>
  </datafield>
  <datafield tag="937" ind1=" " ind2=" ">
    <subfield code="a">EPFL-PATENT-226130</subfield>
  </datafield>
  <datafield tag="973" ind1=" " ind2=" ">
    <subfield code="a">EPFL</subfield>
  </datafield>
  <datafield tag="980" ind1=" " ind2=" ">
    <subfield code="a">PATENT</subfield>
  </datafield>
</record>