
<record>
  <controlfield tag="001">211821</controlfield>
  <controlfield tag="005">20180913063325.0</controlfield>
  <datafield tag="013" ind1=" " ind2=" ">
    <subfield code="a">WO2011138142</subfield>
    <subfield code="c">A1</subfield>
    <subfield code="b">WO</subfield>
    <subfield code="d">20111110</subfield>
  </datafield>
  <datafield tag="024" ind1="7" ind2="0">
    <subfield code="a">6.0994</subfield>
    <subfield code="2">TTO</subfield>
  </datafield>
  <datafield tag="024" ind1="7" ind2="0">
    <subfield code="a">42232663</subfield>
    <subfield code="2">EPO Family ID</subfield>
  </datafield>
  <datafield tag="037" ind1=" " ind2=" ">
    <subfield code="a">PATENT</subfield>
  </datafield>
  <datafield tag="245" ind1=" " ind2=" ">
    <subfield code="a">Compositions and use of sulfasalazine</subfield>
  </datafield>
  <datafield tag="260" ind1=" " ind2=" ">
    <subfield code="c">2011</subfield>
  </datafield>
  <datafield tag="269" ind1=" " ind2=" ">
    <subfield code="a">2011</subfield>
  </datafield>
  <datafield tag="336" ind1=" " ind2=" ">
    <subfield code="a">Patents</subfield>
  </datafield>
  <datafield tag="520" ind1=" " ind2=" ">
    <subfield code="a">The invention relates to compositions comprising sulfasalazine or sulfapyridine and products of a biosynthetic pathway that requires tetrahydrobiopterin. Such compositions are useful for the treatment of inflammatory bowel diseases or rheumatoid arthritis, but without the side effects observed with sulfasalazine alone. Furthermore the invention relates to compositions comprising sulfasalazine and 5 - aminosalicylic acid (mesalamine) for the treatment of the mentioned diseases. A further aspect of the invention is a method for monitoring the progress of sulfasalazine therapy comprising measuring the tetrahydrobiopterin level in body fluids of a patient under treatment with sulfasalazine. Yet another aspect of the invention is the use of sulfasalazine or sulfapyridine in a method of preventing pain in future treatment or in disease progression, such as delaying pain in cancer patients and preventing pain in surgery, dental care, chemotherapy or radiation therapy, preventing cardiogenic shock in acute myocardial infarction, preventing brain edema formation and intracranial hypertension in traumatic brain injury, and in a method of prevention or treatment of osteoporosis. All these various aspects of the invention are based on the observation that human sepiapterin reductase is a target of sulfasalazine and its metabolite sulfapyridine.</subfield>
  </datafield>
  <datafield tag="700" ind1=" " ind2=" ">
    <subfield code="a">Johnsson, Kai</subfield>
    <subfield code="g">123155</subfield>
    <subfield code="0">240057</subfield>
  </datafield>
  <datafield tag="700" ind1=" " ind2=" ">
    <subfield code="a">Chidley, Christopher</subfield>
    <subfield code="g">148315</subfield>
    <subfield code="0">240058</subfield>
  </datafield>
  <datafield tag="909" ind1="C" ind2="0">
    <subfield code="p">LIP</subfield>
    <subfield code="0">252027</subfield>
    <subfield code="x">U10102</subfield>
  </datafield>
  <datafield tag="909" ind1="C" ind2="0">
    <subfield code="p">TTO</subfield>
    <subfield code="0">252085</subfield>
    <subfield code="x">U10021</subfield>
  </datafield>
  <datafield tag="909" ind1="C" ind2="O">
    <subfield code="o">oai:infoscience.tind.io:211821</subfield>
    <subfield code="p">SB</subfield>
  </datafield>
  <datafield tag="917" ind1="Z" ind2="8">
    <subfield code="x">105423</subfield>
  </datafield>
  <datafield tag="937" ind1=" " ind2=" ">
    <subfield code="a">EPFL-PATENT-211821</subfield>
  </datafield>
  <datafield tag="973" ind1=" " ind2=" ">
    <subfield code="a">EPFL</subfield>
  </datafield>
  <datafield tag="980" ind1=" " ind2=" ">
    <subfield code="a">PATENT</subfield>
  </datafield>
</record>