
<record>
  <controlfield tag="001">209385</controlfield>
  <controlfield tag="005">20190117192446.0</controlfield>
  <datafield tag="037" ind1=" " ind2=" ">
    <subfield code="a">PATENT</subfield>
  </datafield>
  <datafield tag="245" ind1=" " ind2=" ">
    <subfield code="a">Process for producing nanostructured metal oxide thin films on substrates</subfield>
  </datafield>
  <datafield tag="260" ind1=" " ind2=" ">
    <subfield code="c">1999</subfield>
    <subfield code="b">Swed.</subfield>
  </datafield>
  <datafield tag="269" ind1=" " ind2=" ">
    <subfield code="a">1999</subfield>
  </datafield>
  <datafield tag="336" ind1=" " ind2=" ">
    <subfield code="a">Patents</subfield>
  </datafield>
  <datafield tag="520" ind1=" " ind2=" ">
    <subfield code="a">A process for producing at least one epitaxial, nanostructured thin film of metal oxide and/or a hydrated metal oxide on at least one substrate placed in a container and a substrate/thin film thereof, comprises placing the substrate at any location in the container contg. a water soln., such that a covering area of the substrate being covered by the soln., contg. at least one metal salt and addnl. can contain other salts, pH-regulator(s), complexant(s), or mols., whereby from the substrate particles of a metal oxide of the metal from the metal salt is grown, forming the film on the covering area of the substrate. For a substrate (F-doped Sn oxide) for use as a solar cell, the oriented particles in the film have a photoactive component attached thereon, the fibers being arranged substantially perpendicular to the substrate.</subfield>
  </datafield>
  <datafield tag="653" ind1="1" ind2=" ">
    <subfield code="a">biosensor nanostructured metal oxide substrate</subfield>
  </datafield>
  <datafield tag="653" ind1="1" ind2=" ">
    <subfield code="a">solar cell nanostructured metal oxide substrate</subfield>
  </datafield>
  <datafield tag="700" ind1=" " ind2=" ">
    <subfield code="a">Vayssieres, Lionel</subfield>
  </datafield>
  <datafield tag="700" ind1=" " ind2=" ">
    <subfield code="a">Lindquist, Sten-eric</subfield>
  </datafield>
  <datafield tag="700" ind1=" " ind2=" ">
    <subfield code="a">Hagfeldt, Anders</subfield>
    <subfield code="g">164385</subfield>
    <subfield code="0">248439</subfield>
  </datafield>
  <datafield tag="909" ind1="C" ind2="0">
    <subfield code="p">LSPM</subfield>
    <subfield code="0">252532</subfield>
    <subfield code="x">U12908</subfield>
  </datafield>
  <datafield tag="909" ind1="C" ind2="O">
    <subfield code="o">oai:infoscience.tind.io:209385</subfield>
    <subfield code="p">SB</subfield>
  </datafield>
  <datafield tag="937" ind1=" " ind2=" ">
    <subfield code="a">EPFL-PATENT-209385</subfield>
  </datafield>
  <datafield tag="973" ind1=" " ind2=" ">
    <subfield code="a">OTHER</subfield>
    <subfield code="s">PUBLISHED</subfield>
    <subfield code="r">REVIEWED</subfield>
  </datafield>
  <datafield tag="980" ind1=" " ind2=" ">
    <subfield code="a">PATENT</subfield>
  </datafield>
</record>