
<record>
  <controlfield tag="001">181451</controlfield>
  <controlfield tag="005">20190316235459.0</controlfield>
  <datafield tag="013" ind1=" " ind2=" ">
    <subfield code="a">US20100240309</subfield>
    <subfield code="b">US</subfield>
    <subfield code="d">2010</subfield>
  </datafield>
  <datafield tag="037" ind1=" " ind2=" ">
    <subfield code="a">PATENT</subfield>
  </datafield>
  <datafield tag="245" ind1=" " ind2=" ">
    <subfield code="a">FINITE RATE OF INNOVATION (FRI) TECHNIQUES FOR LOW POWER BODY AREA NETWORK</subfield>
  </datafield>
  <datafield tag="260" ind1=" " ind2=" ">
    <subfield code="c">2010</subfield>
    <subfield code="b">USPTO</subfield>
  </datafield>
  <datafield tag="269" ind1=" " ind2=" ">
    <subfield code="a">2010</subfield>
  </datafield>
  <datafield tag="300" ind1=" " ind2=" ">
    <subfield code="a">21</subfield>
  </datafield>
  <datafield tag="336" ind1=" " ind2=" ">
    <subfield code="a">Patents</subfield>
  </datafield>
  <datafield tag="520" ind1=" " ind2=" ">
    <subfield code="a">Certain aspects of the present disclosure relate to a method for quantizing an analog received signal in a low-power body area network (LP-BAN) by using a limited number of quantization bits, while information of the received signal is preserved for accurate signal reconstruction. The quantized signal can be equalized in such a way to generate an output equalized signal based on the periodic-sine function, which is suitable for a subsequent Finite Rate of Innovation (FRI) processing. The noisy equalized signal can be further processed by applying improved (i.e., faster) Cadzow denoising algorithm as a part of the FRI processing.</subfield>
  </datafield>
  <datafield tag="700" ind1=" " ind2=" ">
    <subfield code="a">Barbotin, Yann</subfield>
    <subfield code="g">160144</subfield>
    <subfield code="0">242506</subfield>
  </datafield>
  <datafield tag="700" ind1=" " ind2=" ">
    <subfield code="a">Budianu, Cristian</subfield>
  </datafield>
  <datafield tag="856" ind1="4" ind2=" ">
    <subfield code="y">n/a</subfield>
    <subfield code="s">352599</subfield>
    <subfield code="z">n/a</subfield>
    <subfield code="u">http://infoscience.epfl.ch/record/181451/files/US20100240309.pdf</subfield>
  </datafield>
  <datafield tag="909" ind1="C" ind2="0">
    <subfield code="p">LCAV</subfield>
    <subfield code="0">252056</subfield>
    <subfield code="x">U10434</subfield>
  </datafield>
  <datafield tag="909" ind1="C" ind2="O">
    <subfield code="o">oai:infoscience.tind.io:181451</subfield>
    <subfield code="p">IC</subfield>
    <subfield code="q">GLOBAL_SET</subfield>
  </datafield>
  <datafield tag="917" ind1="Z" ind2="8">
    <subfield code="x">160144</subfield>
  </datafield>
  <datafield tag="937" ind1=" " ind2=" ">
    <subfield code="a">EPFL-PATENT-181451</subfield>
  </datafield>
  <datafield tag="973" ind1=" " ind2=" ">
    <subfield code="a">OTHER</subfield>
    <subfield code="s">PUBLISHED</subfield>
  </datafield>
  <datafield tag="980" ind1=" " ind2=" ">
    <subfield code="a">PATENT</subfield>
  </datafield>
</record>