
<record>
  <controlfield tag="001">175147</controlfield>
  <controlfield tag="005">20190117220117.0</controlfield>
  <datafield tag="013" ind1=" " ind2=" ">
    <subfield code="a">US2011289635</subfield>
    <subfield code="c">A1</subfield>
    <subfield code="b">US</subfield>
    <subfield code="d">20111124</subfield>
  </datafield>
  <datafield tag="024" ind1="7" ind2="0">
    <subfield code="a">44973596</subfield>
    <subfield code="2">EPO Family ID</subfield>
  </datafield>
  <datafield tag="037" ind1=" " ind2=" ">
    <subfield code="a">PATENT</subfield>
  </datafield>
  <datafield tag="245" ind1=" " ind2=" ">
    <subfield code="a">Method for scanning sample involves providing compensatory signal to actuator after generating compensatory signal on first component of data signal generated by sensor</subfield>
  </datafield>
  <datafield tag="260" ind1=" " ind2=" ">
    <subfield code="c">2011</subfield>
  </datafield>
  <datafield tag="269" ind1=" " ind2=" ">
    <subfield code="a">2011</subfield>
  </datafield>
  <datafield tag="336" ind1=" " ind2=" ">
    <subfield code="a">Patents</subfield>
  </datafield>
  <datafield tag="520" ind1=" " ind2=" ">
    <subfield code="a">NOVELTY - The scanning method involves generating data signal using a sensor. The first component based on a motion in a first direction of an actuator configured to provide motion between a sample and a probe in the first direction, the first direction substantially in the plane of sample (102). The second component based on topographic variations of the sample in a second direction, and a materials property of the sample. The processor is used to generate the compensatory signal based on the first component of the data signal generated by the sensor and providing compensatory signal to the actuator. USE - Method for scanning sample. ADVANTAGE - Allows high speed and high precision scanning with a scanning probe microscope while removing artifacts of scanner dynamics e.g. scanner resonances that would otherwise be present in the resulting images. Provides clearer images so that the topographical details of the scanned sample are readily resolved. The ability to perform high speed imaging enables the study of non-stationary or time-dependent samples such as live biological specimens. The real-time strategy of scanner characterization allows aggressive model-inversion filters to be designed that do not need to accommodate the wide variability of possible dynamics traditionally associated with robust control. The resonance compensation module is applied as a simple and inexpensive retrofit to existing scanning probe microscopes, while the resonance compensation module is versatile and can be used with various brands and models of scanning probe microscopes.</subfield>
  </datafield>
  <datafield tag="700" ind1=" " ind2=" ">
    <subfield code="a">Burns, D. J.</subfield>
  </datafield>
  <datafield tag="700" ind1=" " ind2=" ">
    <subfield code="a">Fantner, G. E.</subfield>
    <subfield code="g">199129</subfield>
    <subfield code="0">244716</subfield>
  </datafield>
  <datafield tag="700" ind1=" " ind2=" ">
    <subfield code="a">Youcef-Toumi, K.</subfield>
  </datafield>
  <datafield tag="909" ind1="C" ind2="0">
    <subfield code="p">LBNI</subfield>
    <subfield code="0">252332</subfield>
    <subfield code="x">U12183</subfield>
  </datafield>
  <datafield tag="909" ind1="C" ind2="O">
    <subfield code="o">oai:infoscience.tind.io:175147</subfield>
    <subfield code="p">STI</subfield>
  </datafield>
  <datafield tag="917" ind1="Z" ind2="8">
    <subfield code="x">202057</subfield>
  </datafield>
  <datafield tag="917" ind1="Z" ind2="8">
    <subfield code="x">202057</subfield>
  </datafield>
  <datafield tag="937" ind1=" " ind2=" ">
    <subfield code="a">EPFL-PATENT-175147</subfield>
  </datafield>
  <datafield tag="973" ind1=" " ind2=" ">
    <subfield code="a">EPFL</subfield>
    <subfield code="s">PUBLISHED</subfield>
  </datafield>
  <datafield tag="980" ind1=" " ind2=" ">
    <subfield code="a">PATENT</subfield>
  </datafield>
</record>