
<record>
  <controlfield tag="001">87397</controlfield>
  <controlfield tag="005">20180317093136.0</controlfield>
  <datafield tag="013" ind1=" " ind2=" ">
    <subfield code="a">DE60104310</subfield>
    <subfield code="c">T2</subfield>
    <subfield code="b">DE</subfield>
    <subfield code="d">20050825</subfield>
  </datafield>
  <datafield tag="013" ind1=" " ind2=" ">
    <subfield code="a">ES2225537</subfield>
    <subfield code="c">T3</subfield>
    <subfield code="b">ES</subfield>
    <subfield code="d">20050316</subfield>
  </datafield>
  <datafield tag="013" ind1=" " ind2=" ">
    <subfield code="a">AT271275</subfield>
    <subfield code="c">T</subfield>
    <subfield code="b">AT</subfield>
    <subfield code="d">20040715</subfield>
  </datafield>
  <datafield tag="013" ind1=" " ind2=" ">
    <subfield code="a">EP1285490</subfield>
    <subfield code="c">B1</subfield>
    <subfield code="b">EP</subfield>
    <subfield code="d">20040714</subfield>
  </datafield>
  <datafield tag="013" ind1=" " ind2=" ">
    <subfield code="a">EP1285490</subfield>
    <subfield code="c">A1</subfield>
    <subfield code="b">EP</subfield>
    <subfield code="d">20030226</subfield>
  </datafield>
  <datafield tag="013" ind1=" " ind2=" ">
    <subfield code="a">WO0193414</subfield>
    <subfield code="c">A1</subfield>
    <subfield code="b">WO</subfield>
    <subfield code="d">20011206</subfield>
  </datafield>
  <datafield tag="013" ind1=" " ind2=" ">
    <subfield code="a">EP1160966</subfield>
    <subfield code="c">A1</subfield>
    <subfield code="b">EP</subfield>
    <subfield code="d">20011205</subfield>
  </datafield>
  <datafield tag="024" ind1="7" ind2="0">
    <subfield code="a">8174740</subfield>
    <subfield code="2">EPO Family ID</subfield>
  </datafield>
  <datafield tag="037" ind1=" " ind2=" ">
    <subfield code="a">PATENT</subfield>
  </datafield>
  <datafield tag="245" ind1=" " ind2=" ">
    <subfield code="a">Method for determining the position of a rotor of an electromagnetic motor with no commutator and device therefor (Procédé de détermination de la position du rotor d'un moteur électromagnétique sans collecteur et dispositif pour sa mise en oeuvre)</subfield>
  </datafield>
  <datafield tag="260" ind1=" " ind2=" ">
    <subfield code="c">2000</subfield>
  </datafield>
  <datafield tag="269" ind1=" " ind2=" ">
    <subfield code="a">2000</subfield>
  </datafield>
  <datafield tag="336" ind1=" " ind2=" ">
    <subfield code="a">Patents</subfield>
  </datafield>
  <datafield tag="520" ind1=" " ind2=" ">
    <subfield code="a">NOVELTY - After disconnection from normal control (3) a pulse generator (4) sends positive and negative pulses to a motor winding R. The response currents are measured (5) from voltages (Vpr,Vnr) which appear after a fixed time on a neutral resistor (2) and their difference is calculated. Similar differences are taken for the two other windings (S,T) and the three values are supplied to a calculator (6) which uses stored data to deduce the rotor position USE - To find the angular position of electromagnetic motor rotor without collector ADVANTAGE - The method is very accurate and does not require a large number of expensive sensors which introduce an element of unreliability DETAILED DESCRIPTION - INDEPENDENT CLAIMS are made for equipment used with the method DESCRIPTION OF DRAWING(S) - The drawing shows the pulse generator and means of measurement and calculation Neutral resistor (2) Normal control (3) Pulse generator (4) Measurement module (5) Calculator (6) Neutral resistor voltages (Vpr,Vnr) Motor windings (R,S,T)</subfield>
  </datafield>
  <datafield tag="700" ind1=" " ind2=" ">
    <subfield code="a">Bonvin, F.</subfield>
  </datafield>
  <datafield tag="700" ind1=" " ind2=" ">
    <subfield code="a">Cardoletti, L.</subfield>
  </datafield>
  <datafield tag="700" ind1=" " ind2=" ">
    <subfield code="a">Perriard, Y.</subfield>
    <subfield code="g">106071</subfield>
    <subfield code="0">242567</subfield>
  </datafield>
  <datafield tag="909" ind1="C" ind2="O">
    <subfield code="o">oai:infoscience.tind.io:87397</subfield>
    <subfield code="p">STI</subfield>
  </datafield>
  <datafield tag="909" ind1="C" ind2="0">
    <subfield code="p">LAI</subfield>
    <subfield code="0">252066</subfield>
    <subfield code="x">U10351</subfield>
  </datafield>
  <datafield tag="937" ind1=" " ind2=" ">
    <subfield code="a">LAI-PATENT-2000-001</subfield>
  </datafield>
  <datafield tag="970" ind1=" " ind2=" ">
    <subfield code="a">151/LAI</subfield>
  </datafield>
  <datafield tag="973" ind1=" " ind2=" ">
    <subfield code="a">EPFL</subfield>
    <subfield code="s">PUBLISHED</subfield>
  </datafield>
  <datafield tag="980" ind1=" " ind2=" ">
    <subfield code="a">PATENT</subfield>
  </datafield>
</record>