
<record>
  <controlfield tag="001">81445</controlfield>
  <controlfield tag="005">20180127014204.0</controlfield>
  <datafield tag="013" ind1=" " ind2=" ">
    <subfield code="a">1279678</subfield>
  </datafield>
  <datafield tag="037" ind1=" " ind2=" ">
    <subfield code="a">PATENT</subfield>
  </datafield>
  <datafield tag="245" ind1=" " ind2=" ">
    <subfield code="a">Olefins by the Wittig reaction</subfield>
  </datafield>
  <datafield tag="260" ind1=" " ind2=" ">
    <subfield code="c">1968</subfield>
    <subfield code="b">(Badische Anilin- &amp; Soda-Fabrik AG).</subfield>
  </datafield>
  <datafield tag="269" ind1=" " ind2=" ">
    <subfield code="a">1968</subfield>
  </datafield>
  <datafield tag="336" ind1=" " ind2=" ">
    <subfield code="a">Patents</subfield>
  </datafield>
  <datafield tag="500" ind1=" " ind2=" ">
    <subfield code="a">CAN 70:37429</subfield>
  </datafield>
  <datafield tag="500" ind1=" " ind2=" ">
    <subfield code="a">25</subfield>
  </datafield>
  <datafield tag="500" ind1=" " ind2=" ">
    <subfield code="a">Noncondensed Aromatic Compounds</subfield>
  </datafield>
  <datafield tag="500" ind1=" " ind2=" ">
    <subfield code="a">Patent</subfield>
  </datafield>
  <datafield tag="500" ind1=" " ind2=" ">
    <subfield code="a">written in German.</subfield>
  </datafield>
  <datafield tag="500" ind1=" " ind2=" ">
    <subfield code="a">19681010</subfield>
  </datafield>
  <datafield tag="500" ind1=" " ind2=" ">
    <subfield code="a">588-72-7P; 588-73-8P; 766-90-5P; 768-49-0P; 873-66-5P; 4110-77-4P; 4604-28-8P; 6911-81-5P; 7302-03-6P; 21370-50-3P; 21370-53-6P; 21370-55-8P; 21370-56-9P; 21370-57-0P; 21370-59-2P; 21453-89-4P; 21477-44-1P Role: SPN (Synthetic preparation), PREP (Preparation) (prepn. of)</subfield>
  </datafield>
  <datafield tag="520" ind1=" " ind2=" ">
    <subfield code="a">Olefins of the formula R1XC:CR2R3 were prepd. by removal of a proton from a betaine-like intermediate, (Ph)3P+-CHR1CR2R3O-, and subsequent treatment with the desired X+. Thus, 1 mole PhLi and the phosphonium salt, (Ph)3PCH2R1.HCl, in 3 parts Et2O and 1 part tetrahydrofuran at 0 Deg was treated with 1 mole of the carbonyl compd., R2COR3. The intermediate, at -20 Deg, was then treated with a 2nd mole of PhLi, and after 30 min., 1 mole of X-Y was added to give the desired olefin. In some cases, 1.5 mole KOBu-tert was added to accelerate the reaction with X-Y. The olefins prepd. and the X-Y compd. used were (R1, R2, R3, X-Y, % yield, and b.p./mm. given): H, Ph, H, DCl, 50, 60-70 Deg/0.6; Me, Ph, H, DCl, 52, 60-5 Deg/0.14; H, Ph, H, MeI, 10, 180-2 Deg/760; Me, Ph, H, MeI, 55, 64-7 Deg/0.14; Me, Ph, H, FClO, 37, 85-100 Deg/0.70; H, Ph, H, Cl2IPh, 33, 86-8 Deg/0.12; Me, Ph, H, Cl2IPh, 60, 90-6 Deg/-0.60; Me, Ph, H, N-bromosuccinimide, 18, 97-104 Deg/0.12; Me, Ph, H, Br2 , 23, 152-6 Deg/0.12; Pr, Et, H, FClO3 , 61, 90-110 Deg/-760; Pr, Et, H, Cl2IPh, 68, 156-62 Deg/760; Me, Ph, H, ClCO2Me, 15, 110-25 Deg/0.12; Et, Ph, H, MeI, 30, 105-9 Deg/0.12. [on SciFinder (R)]</subfield>
  </datafield>
  <datafield tag="653" ind1="1" ind2=" ">
    <subfield code="a">Wittig reaction (manuf. of olefins by); Olefins Role: PREP (Preparation) (manuf. of</subfield>
  </datafield>
  <datafield tag="653" ind1="1" ind2=" ">
    <subfield code="a">by the Wittig reaction)</subfield>
  </datafield>
  <datafield tag="653" ind1="1" ind2=" ">
    <subfield code="a">olefins Wittig reaction; Wittig reaction olefins</subfield>
  </datafield>
  <datafield tag="700" ind1=" " ind2=" ">
    <subfield code="a">Schlosser, Manfred</subfield>
    <subfield code="g">123541</subfield>
    <subfield code="0">240930</subfield>
  </datafield>
  <datafield tag="700" ind1=" " ind2=" ">
    <subfield code="a">Christmann, Karl F.</subfield>
  </datafield>
  <datafield tag="909" ind1="C" ind2="0">
    <subfield code="p">LSCO</subfield>
    <subfield code="0">252181</subfield>
  </datafield>
  <datafield tag="937" ind1=" " ind2=" ">
    <subfield code="a">LSCO-PATENT-1968-001</subfield>
  </datafield>
  <datafield tag="970" ind1=" " ind2=" ">
    <subfield code="a">113/LSCO</subfield>
  </datafield>
  <datafield tag="973" ind1=" " ind2=" ">
    <subfield code="a">EPFL</subfield>
    <subfield code="s">PUBLISHED</subfield>
  </datafield>
  <datafield tag="980" ind1=" " ind2=" ">
    <subfield code="a">PATENT</subfield>
  </datafield>
</record>