
<record>
  <controlfield tag="001">81335</controlfield>
  <controlfield tag="005">20180317092944.0</controlfield>
  <datafield tag="013" ind1=" " ind2=" ">
    <subfield code="a">99-19903895 19903895</subfield>
  </datafield>
  <datafield tag="037" ind1=" " ind2=" ">
    <subfield code="a">PATENT</subfield>
  </datafield>
  <datafield tag="245" ind1=" " ind2=" ">
    <subfield code="a">Selective immobilization of active 6-O-Alkylguanine DNA alkyltransferase for its determination by transferring a coupling group to the enzyme from a 6-O-Alkylguanine derivative</subfield>
  </datafield>
  <datafield tag="260" ind1=" " ind2=" ">
    <subfield code="c">2000</subfield>
    <subfield code="b">(Germany).</subfield>
  </datafield>
  <datafield tag="269" ind1=" " ind2=" ">
    <subfield code="a">2000</subfield>
  </datafield>
  <datafield tag="336" ind1=" " ind2=" ">
    <subfield code="a">Patents</subfield>
  </datafield>
  <datafield tag="520" ind1=" " ind2=" ">
    <subfield code="a">The invention concerns the introduction of a coupling group to 6-O-Alkylguanine DNA alkyltransferase from a 6-O-Alkylguanine-coupling group deriv. that enables the immobilization of the enzyme for subsequent anal. The coupling group is bound covalently to the enzyme; the immobilization to the surface is either by covalent or non-covalent binding. The coupling group can be biotin; the 6-O-Alkylguanine DNA alkyltransferase-biotin is immobilized to streptavidin coated surface. Independently from the coupling group, the enzyme can be fluorescent or enzyme-labeled for anal. purposes. [on SciFinder (R)]</subfield>
  </datafield>
  <datafield tag="700" ind1=" " ind2=" ">
    <subfield code="a">Johnsson, Kai</subfield>
    <subfield code="g">123155</subfield>
    <subfield code="0">240057</subfield>
  </datafield>
  <datafield tag="909" ind1="C" ind2="O">
    <subfield code="o">oai:infoscience.tind.io:81335</subfield>
    <subfield code="p">SB</subfield>
  </datafield>
  <datafield tag="909" ind1="C" ind2="0">
    <subfield code="p">LIP</subfield>
    <subfield code="0">252027</subfield>
    <subfield code="x">U10102</subfield>
  </datafield>
  <datafield tag="937" ind1=" " ind2=" ">
    <subfield code="a">LIP-PATENT-2000-001</subfield>
  </datafield>
  <datafield tag="970" ind1=" " ind2=" ">
    <subfield code="a">2/LIP</subfield>
  </datafield>
  <datafield tag="973" ind1=" " ind2=" ">
    <subfield code="a">EPFL</subfield>
    <subfield code="s">PUBLISHED</subfield>
  </datafield>
  <datafield tag="980" ind1=" " ind2=" ">
    <subfield code="a">PATENT</subfield>
  </datafield>
</record>