
<record>
  <controlfield tag="001">81174</controlfield>
  <controlfield tag="005">20180317094223.0</controlfield>
  <datafield tag="013" ind1=" " ind2=" ">
    <subfield code="a">86-295034 292641</subfield>
  </datafield>
  <datafield tag="037" ind1=" " ind2=" ">
    <subfield code="a">PATENT</subfield>
  </datafield>
  <datafield tag="245" ind1=" " ind2=" ">
    <subfield code="a">Polymeric flocculant for removal of solids from aqueous suspensions or sludges containing coal</subfield>
  </datafield>
  <datafield tag="260" ind1=" " ind2=" ">
    <subfield code="c">1991</subfield>
    <subfield code="b">(Akademie der Wissenschaften der DDR, Germany).</subfield>
  </datafield>
  <datafield tag="269" ind1=" " ind2=" ">
    <subfield code="a">1991</subfield>
  </datafield>
  <datafield tag="336" ind1=" " ind2=" ">
    <subfield code="a">Patents</subfield>
  </datafield>
  <datafield tag="520" ind1=" " ind2=" ">
    <subfield code="a">The solids are removed from an aq. suspension contg. 4-12 g coal fines/L using a suspension of a water-sol., high-mol. wt., highly crosslinked copolymer of di-Me diallyl ammonium chloride and 0.1-3 mol.% of a crosslinked comonomer, optionally mixed with anionic or nonionic polyacrylamide. The suspension is used at a rate of 0.1-4 mg/L at 276-310 K to form a floc which can be sepd. by known means. The floc is suitable for use in briquet manuf. [on SciFinder (R)]</subfield>
  </datafield>
  <datafield tag="700" ind1=" " ind2=" ">
    <subfield code="a">Jaeger, Werner</subfield>
  </datafield>
  <datafield tag="700" ind1=" " ind2=" ">
    <subfield code="a">Wandrey, Christine</subfield>
    <subfield code="g">112792</subfield>
    <subfield code="0">241193</subfield>
  </datafield>
  <datafield tag="700" ind1=" " ind2=" ">
    <subfield code="a">Hahn, Mathias</subfield>
  </datafield>
  <datafield tag="700" ind1=" " ind2=" ">
    <subfield code="a">Schoenherr, Dieter</subfield>
  </datafield>
  <datafield tag="700" ind1=" " ind2=" ">
    <subfield code="a">Froemling, Ulrich</subfield>
  </datafield>
  <datafield tag="700" ind1=" " ind2=" ">
    <subfield code="a">Munick, Heinz</subfield>
  </datafield>
  <datafield tag="700" ind1=" " ind2=" ">
    <subfield code="a">Jobmann, Monika</subfield>
  </datafield>
  <datafield tag="700" ind1=" " ind2=" ">
    <subfield code="a">Gohlke, Ulrich</subfield>
  </datafield>
  <datafield tag="909" ind1="C" ind2="0">
    <subfield code="p">LMRP</subfield>
    <subfield code="0">252196</subfield>
    <subfield code="x">U11032</subfield>
  </datafield>
  <datafield tag="937" ind1=" " ind2=" ">
    <subfield code="a">LMRP-PATENT-1991-003</subfield>
  </datafield>
  <datafield tag="970" ind1=" " ind2=" ">
    <subfield code="a">201/LMRP</subfield>
  </datafield>
  <datafield tag="973" ind1=" " ind2=" ">
    <subfield code="a">EPFL</subfield>
    <subfield code="s">PUBLISHED</subfield>
  </datafield>
  <datafield tag="980" ind1=" " ind2=" ">
    <subfield code="a">PATENT</subfield>
  </datafield>
</record>