
<record>
  <controlfield tag="001">230154</controlfield>
  <controlfield tag="005">20180913064436.0</controlfield>
  <datafield tag="013" ind1=" " ind2=" ">
    <subfield code="a">EP3184145</subfield>
    <subfield code="c">A1</subfield>
    <subfield code="b">EP</subfield>
    <subfield code="d">20170628</subfield>
  </datafield>
  <datafield tag="013" ind1=" " ind2=" ">
    <subfield code="a">US2017173326</subfield>
    <subfield code="c">A1</subfield>
    <subfield code="b">US</subfield>
    <subfield code="d">20170622</subfield>
  </datafield>
  <datafield tag="024" ind1="7" ind2="0">
    <subfield code="a">54979551</subfield>
    <subfield code="2">EPO Family ID</subfield>
  </datafield>
  <datafield tag="024" ind1="7" ind2="0">
    <subfield code="a">6.1365</subfield>
    <subfield code="2">TTO</subfield>
  </datafield>
  <datafield tag="037" ind1=" " ind2=" ">
    <subfield code="a">PATENT</subfield>
  </datafield>
  <datafield tag="245" ind1=" " ind2=" ">
    <subfield code="a">System for selective spatiotemporal stimulation of the spinal cord</subfield>
  </datafield>
  <datafield tag="260" ind1=" " ind2=" ">
    <subfield code="c">2017</subfield>
  </datafield>
  <datafield tag="269" ind1=" " ind2=" ">
    <subfield code="a">2017</subfield>
  </datafield>
  <datafield tag="336" ind1=" " ind2=" ">
    <subfield code="a">Patents</subfield>
  </datafield>
  <datafield tag="520" ind1=" " ind2=" ">
    <subfield code="a">The present disclosure refers to systems for electrical neurostimulation of a spinal cord of a subject in need of nervous system function support. In one example, a system comprises a signal processing device configured to receive signals from the subject and operate signal-processing algorithms to elaborate stimulation parameter settings; one or more multi-electrode arrays suitable to cover a portion of the spinal cord of the subject; and an Implantable Pulse Generator (IPG) configured to receive the stimulation parameter settings from the signal processing device and simultaneously deliver independent current or voltage pulses to the one or more multiple electrode arrays, wherein the independent current or voltage pulses provide multipolar spatiotemporal stimulation of spinal circuits and/or dorsal roots. Such system advantageously enables effective control of nervous system functions in the subject by stimulating the spinal cord, such as the dorsal roots of the spinal cord, with spatiotemporal selectivity.</subfield>
  </datafield>
  <datafield tag="700" ind1=" " ind2=" ">
    <subfield code="a">Bloch, Jocelyne</subfield>
  </datafield>
  <datafield tag="700" ind1=" " ind2=" ">
    <subfield code="a">Courtine, Grégoire</subfield>
  </datafield>
  <datafield tag="700" ind1=" " ind2=" ">
    <subfield code="a">Wenger, Nikolaus</subfield>
    <subfield code="g">220876</subfield>
    <subfield code="0">246205</subfield>
  </datafield>
  <datafield tag="700" ind1=" " ind2=" ">
    <subfield code="a">Micera, Silvestro</subfield>
  </datafield>
  <datafield tag="700" ind1=" " ind2=" ">
    <subfield code="a">Capogrosso, Marco</subfield>
    <subfield code="g">229408</subfield>
    <subfield code="0">246965</subfield>
  </datafield>
  <datafield tag="909" ind1="C" ind2="0">
    <subfield code="p">UPCOURTINE</subfield>
    <subfield code="0">252410</subfield>
    <subfield code="x">U12556</subfield>
  </datafield>
  <datafield tag="909" ind1="C" ind2="O">
    <subfield code="o">oai:infoscience.tind.io:230154</subfield>
    <subfield code="p">SV</subfield>
  </datafield>
  <datafield tag="937" ind1=" " ind2=" ">
    <subfield code="a">EPFL-PATENT-230154</subfield>
  </datafield>
  <datafield tag="973" ind1=" " ind2=" ">
    <subfield code="a">EPFL</subfield>
  </datafield>
  <datafield tag="980" ind1=" " ind2=" ">
    <subfield code="a">PATENT</subfield>
  </datafield>
</record>