
<record>
  <controlfield tag="001">229115</controlfield>
  <controlfield tag="005">20180317092338.0</controlfield>
  <datafield tag="013" ind1=" " ind2=" ">
    <subfield code="a">CA2404735</subfield>
    <subfield code="c">C</subfield>
    <subfield code="b">CA</subfield>
    <subfield code="d">20090224</subfield>
  </datafield>
  <datafield tag="013" ind1=" " ind2=" ">
    <subfield code="a">DE60131735</subfield>
    <subfield code="c">T2</subfield>
    <subfield code="b">DE</subfield>
    <subfield code="d">20081106</subfield>
  </datafield>
  <datafield tag="013" ind1=" " ind2=" ">
    <subfield code="a">ES2296735</subfield>
    <subfield code="c">T3</subfield>
    <subfield code="b">ES</subfield>
    <subfield code="d">20080501</subfield>
  </datafield>
  <datafield tag="013" ind1=" " ind2=" ">
    <subfield code="a">AT380071</subfield>
    <subfield code="c">T</subfield>
    <subfield code="b">AT</subfield>
    <subfield code="d">20071215</subfield>
  </datafield>
  <datafield tag="013" ind1=" " ind2=" ">
    <subfield code="a">EP1274508</subfield>
    <subfield code="c">B1</subfield>
    <subfield code="b">EP</subfield>
    <subfield code="d">20071205</subfield>
  </datafield>
  <datafield tag="013" ind1=" " ind2=" ">
    <subfield code="a">US7229594</subfield>
    <subfield code="c">B2</subfield>
    <subfield code="b">US</subfield>
    <subfield code="d">20070612</subfield>
  </datafield>
  <datafield tag="013" ind1=" " ind2=" ">
    <subfield code="a">US2003099577</subfield>
    <subfield code="c">A1</subfield>
    <subfield code="b">US</subfield>
    <subfield code="d">20030529</subfield>
  </datafield>
  <datafield tag="013" ind1=" " ind2=" ">
    <subfield code="a">EP1274508</subfield>
    <subfield code="c">A2</subfield>
    <subfield code="b">EP</subfield>
    <subfield code="d">20030115</subfield>
  </datafield>
  <datafield tag="013" ind1=" " ind2=" ">
    <subfield code="a">WO0174490</subfield>
    <subfield code="c">A3</subfield>
    <subfield code="b">WO</subfield>
    <subfield code="d">20020411</subfield>
  </datafield>
  <datafield tag="013" ind1=" " ind2=" ">
    <subfield code="a">AU4270401</subfield>
    <subfield code="c">A</subfield>
    <subfield code="b">AU</subfield>
    <subfield code="d">20011015</subfield>
  </datafield>
  <datafield tag="013" ind1=" " ind2=" ">
    <subfield code="a">CA2404735</subfield>
    <subfield code="c">A1</subfield>
    <subfield code="b">CA</subfield>
    <subfield code="d">20011011</subfield>
  </datafield>
  <datafield tag="013" ind1=" " ind2=" ">
    <subfield code="a">WO0174490</subfield>
    <subfield code="c">A2</subfield>
    <subfield code="b">WO</subfield>
    <subfield code="d">20011011</subfield>
  </datafield>
  <datafield tag="024" ind1="7" ind2="0">
    <subfield code="a">24161362</subfield>
    <subfield code="2">EPO Family ID</subfield>
  </datafield>
  <datafield tag="024" ind1="7" ind2="0">
    <subfield code="a">6.0197</subfield>
    <subfield code="2">TTO</subfield>
  </datafield>
  <datafield tag="037" ind1=" " ind2=" ">
    <subfield code="a">PATENT</subfield>
  </datafield>
  <datafield tag="245" ind1=" " ind2=" ">
    <subfield code="a">A device for dispensing accurately-controlled small doses of liquid</subfield>
  </datafield>
  <datafield tag="260" ind1=" " ind2=" ">
    <subfield code="c">2002</subfield>
  </datafield>
  <datafield tag="269" ind1=" " ind2=" ">
    <subfield code="a">2002</subfield>
  </datafield>
  <datafield tag="336" ind1=" " ind2=" ">
    <subfield code="a">Patents</subfield>
  </datafield>
  <datafield tag="520" ind1=" " ind2=" ">
    <subfield code="a">The invention provides a device for dispensing accurately-controlled small quantities of at least one liquid, comprising a liquid supply (L); a gas supply (G), arranged to selectively supply a gas pressure; and a capillary duct (20) adapted to be filled with liquid to be dispensed, and to eject the liquid. The device has a filling configuration wherein liquid from the supply is in contact with an end (20a) of the capillary duct to fill the capillary duct with liquid; and a liquid separation and ejection configuration, in which liquid remaining in the liquid supply is separated from liquid that fills the capillary duct to form a discrete quantity (V) of liquid filling the capillary duct (20) out of contact with the remaining liquid of the liquid supply. The capillary duct, filled with this discrete quantity (V) of liquid then has one end in contact with the gas supply and another end in contact with the atmosphere. The discrete quantity of liquid (V), forming an exact dose of liquid to be dispensed, is ejectable from the second end (20b) of the capillary duct by the application of gas pressure.</subfield>
  </datafield>
  <datafield tag="700" ind1=" " ind2=" ">
    <subfield code="a">Renaud, Philippe</subfield>
  </datafield>
  <datafield tag="700" ind1=" " ind2=" ">
    <subfield code="a">Donzel, Alain</subfield>
  </datafield>
  <datafield tag="909" ind1="C" ind2="0">
    <subfield code="p">TTO</subfield>
    <subfield code="0">252085</subfield>
    <subfield code="x">U10021</subfield>
  </datafield>
  <datafield tag="937" ind1=" " ind2=" ">
    <subfield code="a">EPFL-PATENT-229115</subfield>
  </datafield>
  <datafield tag="973" ind1=" " ind2=" ">
    <subfield code="a">EPFL</subfield>
  </datafield>
  <datafield tag="980" ind1=" " ind2=" ">
    <subfield code="a">PATENT</subfield>
  </datafield>
</record>