
<record>
  <controlfield tag="001">229077</controlfield>
  <controlfield tag="005">20181221101922.0</controlfield>
  <datafield tag="013" ind1=" " ind2=" ">
    <subfield code="a">EP1447397</subfield>
    <subfield code="c">A1</subfield>
    <subfield code="b">EP</subfield>
    <subfield code="d">20040818</subfield>
  </datafield>
  <datafield tag="024" ind1="7" ind2="0">
    <subfield code="a">32669000</subfield>
    <subfield code="2">EPO Family ID</subfield>
  </datafield>
  <datafield tag="024" ind1="7" ind2="0">
    <subfield code="a">6.0374</subfield>
    <subfield code="2">TTO</subfield>
  </datafield>
  <datafield tag="037" ind1=" " ind2=" ">
    <subfield code="a">PATENT</subfield>
  </datafield>
  <datafield tag="245" ind1=" " ind2=" ">
    <subfield code="a">Polyfunctional sulfonamides and sulfonates and process for preparing them</subfield>
  </datafield>
  <datafield tag="260" ind1=" " ind2=" ">
    <subfield code="c">2004</subfield>
  </datafield>
  <datafield tag="269" ind1=" " ind2=" ">
    <subfield code="a">2004</subfield>
  </datafield>
  <datafield tag="336" ind1=" " ind2=" ">
    <subfield code="a">Patents</subfield>
  </datafield>
  <datafield tag="520" ind1=" " ind2=" ">
    <subfield code="a">The present invention relates to a process for preparing sulfonyl halides comprising the steps of a) reacting an enoxymetal, allylsilane or allylstannane compound, preferably in the presence of a diene, with sulphur dioxide and b) adding a suitable halogen source to the metal sulfinate intermediate of step a). Furthermore, the present invention relates to new sulfonyl chlorides, bromides, and iodides, sulfonamides and sulfonates. In addition, the present invention teaches the use of the new multifunctional sulfonamides and sulfonates for the preparation of a medicament, bacteriocides, fungicides, pesticides, and herbicides as well as the use of sulfonyl chlorides for the preparation of sulfonamides and sulfonates.</subfield>
  </datafield>
  <datafield tag="700" ind1=" " ind2=" ">
    <subfield code="a">Vogel, Pierre</subfield>
    <subfield code="g">123681</subfield>
    <subfield code="0">240222</subfield>
  </datafield>
  <datafield tag="700" ind1=" " ind2=" ">
    <subfield code="a">Bouchez, Laure</subfield>
    <subfield code="g">148231</subfield>
    <subfield code="0">241838</subfield>
  </datafield>
  <datafield tag="700" ind1=" " ind2=" ">
    <subfield code="a">Dubbaka, Srinivas</subfield>
    <subfield code="g">148846</subfield>
    <subfield code="0">241356</subfield>
  </datafield>
  <datafield tag="700" ind1=" " ind2=" ">
    <subfield code="a">Turks, Maris</subfield>
    <subfield code="g">148638</subfield>
    <subfield code="0">240874</subfield>
  </datafield>
  <datafield tag="909" ind1="C" ind2="0">
    <subfield code="p">TTO</subfield>
    <subfield code="0">252085</subfield>
    <subfield code="x">U10021</subfield>
  </datafield>
  <datafield tag="909" ind1="C" ind2="0">
    <subfield code="p">LGSA</subfield>
    <subfield code="0">252076</subfield>
    <subfield code="x">U10111</subfield>
  </datafield>
  <datafield tag="909" ind1="C" ind2="O">
    <subfield code="o">oai:infoscience.tind.io:229077</subfield>
    <subfield code="p">SB</subfield>
  </datafield>
  <datafield tag="937" ind1=" " ind2=" ">
    <subfield code="a">EPFL-PATENT-229077</subfield>
  </datafield>
  <datafield tag="973" ind1=" " ind2=" ">
    <subfield code="a">EPFL</subfield>
  </datafield>
  <datafield tag="980" ind1=" " ind2=" ">
    <subfield code="a">PATENT</subfield>
  </datafield>
</record>