
<record>
  <controlfield tag="001">229019</controlfield>
  <controlfield tag="005">20180913064357.0</controlfield>
  <datafield tag="013" ind1=" " ind2=" ">
    <subfield code="a">EP2219097</subfield>
    <subfield code="c">A1</subfield>
    <subfield code="b">EP</subfield>
    <subfield code="d">20100818</subfield>
  </datafield>
  <datafield tag="024" ind1="7" ind2="0">
    <subfield code="a">40545800</subfield>
    <subfield code="2">EPO Family ID</subfield>
  </datafield>
  <datafield tag="024" ind1="7" ind2="0">
    <subfield code="a">6.0881</subfield>
    <subfield code="2">TTO</subfield>
  </datafield>
  <datafield tag="037" ind1=" " ind2=" ">
    <subfield code="a">PATENT</subfield>
  </datafield>
  <datafield tag="245" ind1=" " ind2=" ">
    <subfield code="a">Man-machine interface method executed by an interactive device</subfield>
  </datafield>
  <datafield tag="260" ind1=" " ind2=" ">
    <subfield code="c">2010</subfield>
  </datafield>
  <datafield tag="269" ind1=" " ind2=" ">
    <subfield code="a">2010</subfield>
  </datafield>
  <datafield tag="336" ind1=" " ind2=" ">
    <subfield code="a">Patents</subfield>
  </datafield>
  <datafield tag="520" ind1=" " ind2=" ">
    <subfield code="a">The aim of the present invention is to provide a cost effective solution for a man-machine interface without physical contact with the device to which a command should be given. This aim is achieved by a Man-machine interface method executed by an interactive device, comprising a display, an infra-red camera, an infra-red illumination system, this method executing the following steps : - capturing a first image by the camera with infra-red illumination - capturing a second image by the camera without infra-red illumination - Subtracting the two images to create a difference image - Creating a movement map using a high-pass filter to filter-out static part on a plurality of difference images - computing a barycentre of at least one region of the movement map, - Assigning at least one cursor based on the position of the barycentre movement, - Modifying information on the display based on the position of this cursor..</subfield>
  </datafield>
  <datafield tag="700" ind1=" " ind2=" ">
    <subfield code="a">Kaplan, Frederic</subfield>
    <subfield code="g">174121</subfield>
    <subfield code="0">240415</subfield>
  </datafield>
  <datafield tag="700" ind1=" " ind2=" ">
    <subfield code="a">Besuchet, Jonathan</subfield>
  </datafield>
  <datafield tag="909" ind1="C" ind2="0">
    <subfield code="p">TTO</subfield>
    <subfield code="0">252085</subfield>
    <subfield code="x">U10021</subfield>
  </datafield>
  <datafield tag="909" ind1="C" ind2="0">
    <subfield code="p">DHLAB</subfield>
    <subfield code="0">252465</subfield>
    <subfield code="x">U12632</subfield>
  </datafield>
  <datafield tag="909" ind1="C" ind2="O">
    <subfield code="o">oai:infoscience.tind.io:229019</subfield>
    <subfield code="p">CDH</subfield>
  </datafield>
  <datafield tag="917" ind1="Z" ind2="8">
    <subfield code="x">174121</subfield>
  </datafield>
  <datafield tag="937" ind1=" " ind2=" ">
    <subfield code="a">EPFL-PATENT-229019</subfield>
  </datafield>
  <datafield tag="973" ind1=" " ind2=" ">
    <subfield code="a">EPFL</subfield>
  </datafield>
  <datafield tag="980" ind1=" " ind2=" ">
    <subfield code="a">PATENT</subfield>
  </datafield>
</record>