
<record>
  <controlfield tag="001">228990</controlfield>
  <controlfield tag="005">20180913064356.0</controlfield>
  <datafield tag="013" ind1=" " ind2=" ">
    <subfield code="a">US2013132148</subfield>
    <subfield code="c">A1</subfield>
    <subfield code="b">US</subfield>
    <subfield code="d">20130523</subfield>
  </datafield>
  <datafield tag="024" ind1="7" ind2="0">
    <subfield code="a">48427809</subfield>
    <subfield code="2">EPO Family ID</subfield>
  </datafield>
  <datafield tag="024" ind1="7" ind2="0">
    <subfield code="a">6.1134</subfield>
    <subfield code="2">TTO</subfield>
  </datafield>
  <datafield tag="037" ind1=" " ind2=" ">
    <subfield code="a">PATENT</subfield>
  </datafield>
  <datafield tag="245" ind1=" " ind2=" ">
    <subfield code="a">Method for multi-objective quality-driven service selection</subfield>
  </datafield>
  <datafield tag="260" ind1=" " ind2=" ">
    <subfield code="c">2013</subfield>
  </datafield>
  <datafield tag="269" ind1=" " ind2=" ">
    <subfield code="a">2013</subfield>
  </datafield>
  <datafield tag="336" ind1=" " ind2=" ">
    <subfield code="a">Patents</subfield>
  </datafield>
  <datafield tag="520" ind1=" " ind2=" ">
    <subfield code="a">This invention relates to the field of multi-objective workflow optimization. Certain exemplary embodiments of the invention are applicable in cases where workflow descriptions contain choice variables relating for instance to the selection of a specific service provider out of several service providers that provide similar services, to the selection of human workers, or to the selection between alternative subworkflows. A binding represents a combination of choices, binding the choice variables to specific values. Bindings induce specific cost and/or quality properties to the workflow, a binding being Pareto-optimal if no other binding exists that is at least as good for every cost and/or quality property and better for at least one property. Certain exemplary embodiments relate to a system and/or computer-implemented method for computing an approximation of the set of Pareto-optimal bindings such that the computed approximation satisfies specified minimum precision requirements</subfield>
  </datafield>
  <datafield tag="700" ind1=" " ind2=" ">
    <subfield code="a">Trummer, Immanuel</subfield>
    <subfield code="g">194778</subfield>
    <subfield code="0">243342</subfield>
  </datafield>
  <datafield tag="700" ind1=" " ind2=" ">
    <subfield code="a">Faltings, Boi</subfield>
    <subfield code="g">105074</subfield>
    <subfield code="0">240959</subfield>
  </datafield>
  <datafield tag="909" ind1="C" ind2="0">
    <subfield code="p">TTO</subfield>
    <subfield code="0">252085</subfield>
    <subfield code="x">U10021</subfield>
  </datafield>
  <datafield tag="909" ind1="C" ind2="0">
    <subfield code="p">LIA</subfield>
    <subfield code="0">252184</subfield>
    <subfield code="x">U10406</subfield>
  </datafield>
  <datafield tag="909" ind1="C" ind2="O">
    <subfield code="o">oai:infoscience.tind.io:228990</subfield>
    <subfield code="p">IC</subfield>
  </datafield>
  <datafield tag="917" ind1="Z" ind2="8">
    <subfield code="x">208605</subfield>
  </datafield>
  <datafield tag="937" ind1=" " ind2=" ">
    <subfield code="a">EPFL-PATENT-228990</subfield>
  </datafield>
  <datafield tag="973" ind1=" " ind2=" ">
    <subfield code="a">EPFL</subfield>
  </datafield>
  <datafield tag="980" ind1=" " ind2=" ">
    <subfield code="a">PATENT</subfield>
  </datafield>
</record>