
<record>
  <controlfield tag="001">228365</controlfield>
  <controlfield tag="005">20180913064332.0</controlfield>
  <datafield tag="013" ind1=" " ind2=" ">
    <subfield code="a">EP2898534</subfield>
    <subfield code="c">A1</subfield>
    <subfield code="b">EP</subfield>
    <subfield code="d">20150729</subfield>
  </datafield>
  <datafield tag="013" ind1=" " ind2=" ">
    <subfield code="a">WO2014045144</subfield>
    <subfield code="c">A1</subfield>
    <subfield code="b">WO</subfield>
    <subfield code="d">20140327</subfield>
  </datafield>
  <datafield tag="024" ind1="7" ind2="0">
    <subfield code="a">49886999</subfield>
    <subfield code="2">EPO Family ID</subfield>
  </datafield>
  <datafield tag="024" ind1="7" ind2="0">
    <subfield code="a">6.1194</subfield>
    <subfield code="2">TTO</subfield>
  </datafield>
  <datafield tag="037" ind1=" " ind2=" ">
    <subfield code="a">PATENT</subfield>
  </datafield>
  <datafield tag="245" ind1=" " ind2=" ">
    <subfield code="a">Interference filter with angular independent orange colour of reflection and high solar transmittance, suitable for roof-integration of solar energy systems</subfield>
  </datafield>
  <datafield tag="260" ind1=" " ind2=" ">
    <subfield code="c">2015</subfield>
  </datafield>
  <datafield tag="269" ind1=" " ind2=" ">
    <subfield code="a">2015</subfield>
  </datafield>
  <datafield tag="336" ind1=" " ind2=" ">
    <subfield code="a">Patents</subfield>
  </datafield>
  <datafield tag="520" ind1=" " ind2=" ">
    <subfield code="a">olar glazing unit, suitable for photovoltaic modules and solar thermal collectors, comprising a substrate delimited by two main faces and a multi-layered interference filter also delimited by two main faces, one main face of said substrate being adapted to be in contact with an incident medium, the other main face being in contact with a main face of said interference filter, the other main face of said interference filter being adapted to be in contact with an exit medium; said incident medium having a refractive index ninc = 1, said substrate having a refractive index nsubstrate defined as follows : 1.45 ≤ nsubstrate ≤ 1.6 at 550 nm, and said exit medium having a refractive index nexit = 1 or defined as follows 1.45 ≤ nexit ≤ 1.6 at 550 nm; and wherein said unit is designed in such a way that the CIE colour stability ΔE*Norm, as observed under daylight illumination CIE D65 at higher angles of reflection Θr (Θr > 10°), is less than 15 or ΔE*Norm ≤ (Θr / 3°) for 10° &lt; Θ ≤ 60°.</subfield>
  </datafield>
  <datafield tag="700" ind1=" " ind2=" ">
    <subfield code="a">Schüler, Andreas</subfield>
  </datafield>
  <datafield tag="700" ind1=" " ind2=" ">
    <subfield code="a">Joly, Martin</subfield>
    <subfield code="g">179180</subfield>
    <subfield code="0">242612</subfield>
  </datafield>
  <datafield tag="700" ind1=" " ind2=" ">
    <subfield code="a">Hody Le Caër, Virginie</subfield>
  </datafield>
  <datafield tag="909" ind1="C" ind2="0">
    <subfield code="p">TTO</subfield>
    <subfield code="0">252085</subfield>
    <subfield code="x">U10021</subfield>
  </datafield>
  <datafield tag="909" ind1="C" ind2="0">
    <subfield code="p">LESO-PB</subfield>
    <subfield code="0">252072</subfield>
    <subfield code="x">U10262</subfield>
  </datafield>
  <datafield tag="909" ind1="C" ind2="O">
    <subfield code="o">oai:infoscience.tind.io:228365</subfield>
    <subfield code="p">ENAC</subfield>
  </datafield>
  <datafield tag="917" ind1="Z" ind2="8">
    <subfield code="x">106442</subfield>
  </datafield>
  <datafield tag="937" ind1=" " ind2=" ">
    <subfield code="a">EPFL-PATENT-228365</subfield>
  </datafield>
  <datafield tag="973" ind1=" " ind2=" ">
    <subfield code="a">EPFL</subfield>
  </datafield>
  <datafield tag="980" ind1=" " ind2=" ">
    <subfield code="a">PATENT</subfield>
  </datafield>
</record>