
<record>
  <controlfield tag="001">223591</controlfield>
  <controlfield tag="005">20190317000606.0</controlfield>
  <datafield tag="013" ind1=" " ind2=" ">
    <subfield code="a">US6801579</subfield>
    <subfield code="c">B1</subfield>
    <subfield code="b">US</subfield>
    <subfield code="d">20041005</subfield>
  </datafield>
  <datafield tag="013" ind1=" " ind2=" ">
    <subfield code="a">DE60001804</subfield>
    <subfield code="c">T2</subfield>
    <subfield code="b">DE</subfield>
    <subfield code="d">20031211</subfield>
  </datafield>
  <datafield tag="013" ind1=" " ind2=" ">
    <subfield code="a">EP1133097</subfield>
    <subfield code="c">B1</subfield>
    <subfield code="b">EP</subfield>
    <subfield code="d">20030326</subfield>
  </datafield>
  <datafield tag="013" ind1=" " ind2=" ">
    <subfield code="a">JP2001298387</subfield>
    <subfield code="c">A</subfield>
    <subfield code="b">JP</subfield>
    <subfield code="d">20011026</subfield>
  </datafield>
  <datafield tag="013" ind1=" " ind2=" ">
    <subfield code="a">EP1133097</subfield>
    <subfield code="c">A1</subfield>
    <subfield code="b">EP</subfield>
    <subfield code="d">20010912</subfield>
  </datafield>
  <datafield tag="024" ind1="7" ind2="0">
    <subfield code="a">26883760</subfield>
    <subfield code="2">EPO Family ID</subfield>
  </datafield>
  <datafield tag="037" ind1=" " ind2=" ">
    <subfield code="a">PATENT</subfield>
  </datafield>
  <datafield tag="245" ind1=" " ind2=" ">
    <subfield code="a">Method and wireless communication using unitary space-time signal constellations</subfield>
  </datafield>
  <datafield tag="260" ind1=" " ind2=" ">
    <subfield code="c">2004</subfield>
  </datafield>
  <datafield tag="269" ind1=" " ind2=" ">
    <subfield code="a">2004</subfield>
  </datafield>
  <datafield tag="336" ind1=" " ind2=" ">
    <subfield code="a">Patents</subfield>
  </datafield>
  <datafield tag="520" ind1=" " ind2=" ">
    <subfield code="a">Disclosed is a method for wireless signal transmission of signals from an array of two or more antennas, in which each signal to be transmitted is selected from a constellation of unitary space-time signals. Each unitary space-time signal is a unitary matrix, in which each column represents a respective antenna, each row represents a respective time interval, and each element represents a complex amplitude to be transmitted by a given antenna during a given time interval. In specific embodiments of the invention, the matrices of the signal constellation form a non-Abelian group having a positive diversity product, or a coset of such a group. In other embodiments, the signal constellation is a subset of such a group, and its multiplicative closure forms a finite non-Abelian group having a positive diversity product. In still other embodiments, the signal constellation is an extension of any of the preceding types of constellations, formed by adding one or more further elements that do not belong to and are not derived from the group or group subset.</subfield>
  </datafield>
  <datafield tag="653" ind1="1" ind2=" ">
    <subfield code="a">algoweb_pat_spacetime</subfield>
  </datafield>
  <datafield tag="653" ind1="1" ind2=" ">
    <subfield code="a">Space time codes</subfield>
  </datafield>
  <datafield tag="653" ind1="1" ind2=" ">
    <subfield code="a">Unitary matrices</subfield>
  </datafield>
  <datafield tag="700" ind1=" " ind2=" ">
    <subfield code="a">Shokrollahi, Amin</subfield>
    <subfield code="g">156849</subfield>
    <subfield code="0">241952</subfield>
  </datafield>
  <datafield tag="700" ind1=" " ind2=" ">
    <subfield code="a">Hassibi, Babak</subfield>
  </datafield>
  <datafield tag="700" ind1=" " ind2=" ">
    <subfield code="a">Hochwald, Bertrand</subfield>
  </datafield>
  <datafield tag="700" ind1=" " ind2=" ">
    <subfield code="a">Sweldens, Wim</subfield>
  </datafield>
  <datafield tag="856" ind1="4" ind2=" ">
    <subfield code="z">URL</subfield>
    <subfield code="u">http://patft.uspto.gov/netacgi/nph-Parser?Sect1=PTO2&amp;Sect2=HITOFF&amp;p=1&amp;u=%2Fnetahtml%2FPTO%2Fsearch-bool.html&amp;r=1&amp;f=G&amp;l=50&amp;co1=AND&amp;d=PTXT&amp;s1=%226801579%22.PN.&amp;OS=PN/</subfield>
  </datafield>
  <datafield tag="909" ind1="C" ind2="0">
    <subfield code="p">ALGO</subfield>
    <subfield code="0">252198</subfield>
    <subfield code="x">U10735</subfield>
  </datafield>
  <datafield tag="909" ind1="C" ind2="O">
    <subfield code="o">oai:infoscience.tind.io:223591</subfield>
    <subfield code="p">IC</subfield>
    <subfield code="q">GLOBAL_SET</subfield>
  </datafield>
  <datafield tag="917" ind1="Z" ind2="8">
    <subfield code="x">276415</subfield>
  </datafield>
  <datafield tag="917" ind1="Z" ind2="8">
    <subfield code="x">276415</subfield>
  </datafield>
  <datafield tag="917" ind1="Z" ind2="8">
    <subfield code="x">276415</subfield>
  </datafield>
  <datafield tag="937" ind1=" " ind2=" ">
    <subfield code="a">EPFL-PATENT-223591</subfield>
  </datafield>
  <datafield tag="973" ind1=" " ind2=" ">
    <subfield code="a">OTHER</subfield>
  </datafield>
  <datafield tag="980" ind1=" " ind2=" ">
    <subfield code="a">PATENT</subfield>
  </datafield>
</record>