
<record>
  <controlfield tag="001">197872</controlfield>
  <controlfield tag="005">20180913062430.0</controlfield>
  <datafield tag="013" ind1=" " ind2=" ">
    <subfield code="a">US20120195862</subfield>
    <subfield code="b">US</subfield>
    <subfield code="d">2012</subfield>
  </datafield>
  <datafield tag="037" ind1=" " ind2=" ">
    <subfield code="a">PATENT</subfield>
  </datafield>
  <datafield tag="245" ind1=" " ind2=" ">
    <subfield code="a">Biomechanical Induction of Hematopoiesis</subfield>
  </datafield>
  <datafield tag="260" ind1=" " ind2=" ">
    <subfield code="c">2010</subfield>
  </datafield>
  <datafield tag="269" ind1=" " ind2=" ">
    <subfield code="a">2010</subfield>
  </datafield>
  <datafield tag="336" ind1=" " ind2=" ">
    <subfield code="a">Patents</subfield>
  </datafield>
  <datafield tag="500" ind1=" " ind2=" ">
    <subfield code="a">Also published as: WO2010121122 (A2); WO2010121122 (A3)</subfield>
  </datafield>
  <datafield tag="520" ind1=" " ind2=" ">
    <subfield code="a">The present invention provides methods and compositions for increasing the hematopoietic potential of a population of hematopoietic progenitor cells, vascular cells, and or hemogenic endothelium, by exposing the cells to at least one external biomechanical stimulus. More specifically, the application of shear stress to hematopoietic progenitor cells or endothelial cells stimulates hematopoiesis, with or without concurrent application of other extrinsic modulators of hematopoiesis</subfield>
  </datafield>
  <datafield tag="700" ind1=" " ind2=" ">
    <subfield code="a">Daley, George</subfield>
  </datafield>
  <datafield tag="700" ind1=" " ind2=" ">
    <subfield code="a">Naveiras, Olaia</subfield>
    <subfield code="g">203973</subfield>
    <subfield code="0">245552</subfield>
  </datafield>
  <datafield tag="700" ind1=" " ind2=" ">
    <subfield code="a">Garcia-Cardena, Guillermo</subfield>
  </datafield>
  <datafield tag="700" ind1=" " ind2=" ">
    <subfield code="a">Adamo, Luigi</subfield>
  </datafield>
  <datafield tag="909" ind1="C" ind2="0">
    <subfield code="p">GR-NAVEIRAS</subfield>
    <subfield code="0">252501</subfield>
    <subfield code="x">U12818</subfield>
  </datafield>
  <datafield tag="909" ind1="C" ind2="O">
    <subfield code="o">oai:infoscience.tind.io:197872</subfield>
    <subfield code="p">SV</subfield>
  </datafield>
  <datafield tag="917" ind1="Z" ind2="8">
    <subfield code="x">182396</subfield>
  </datafield>
  <datafield tag="937" ind1=" " ind2=" ">
    <subfield code="a">EPFL-PATENT-197872</subfield>
  </datafield>
  <datafield tag="973" ind1=" " ind2=" ">
    <subfield code="a">OTHER</subfield>
  </datafield>
  <datafield tag="980" ind1=" " ind2=" ">
    <subfield code="a">PATENT</subfield>
  </datafield>
</record>