
<record>
  <controlfield tag="001">191302</controlfield>
  <controlfield tag="005">20190117220113.0</controlfield>
  <datafield tag="013" ind1=" " ind2=" ">
    <subfield code="a">IN6472DEN2014</subfield>
    <subfield code="c">A</subfield>
    <subfield code="b">IN</subfield>
    <subfield code="d">20150612</subfield>
  </datafield>
  <datafield tag="013" ind1=" " ind2=" ">
    <subfield code="a">US2015037262</subfield>
    <subfield code="c">A1</subfield>
    <subfield code="b">US</subfield>
    <subfield code="d">20150205</subfield>
  </datafield>
  <datafield tag="013" ind1=" " ind2=" ">
    <subfield code="a">EP2806839</subfield>
    <subfield code="c">A1</subfield>
    <subfield code="b">EP</subfield>
    <subfield code="d">20141203</subfield>
  </datafield>
  <datafield tag="013" ind1=" " ind2=" ">
    <subfield code="a">WO2013111121</subfield>
    <subfield code="c">A1</subfield>
    <subfield code="b">WO</subfield>
    <subfield code="d">20130801</subfield>
  </datafield>
  <datafield tag="024" ind1="7" ind2="0">
    <subfield code="a">47997599</subfield>
    <subfield code="2">EPO Family ID</subfield>
  </datafield>
  <datafield tag="024" ind1="7" ind2="0">
    <subfield code="a">6.1083</subfield>
    <subfield code="2">TTO</subfield>
  </datafield>
  <datafield tag="037" ind1=" " ind2=" ">
    <subfield code="a">PATENT</subfield>
  </datafield>
  <datafield tag="245" ind1=" " ind2=" ">
    <subfield code="a">Device for application of medium to human tissue or animal body such as eye, has carrier which is provided with micro-cavity for containing medium in direct contact with object on which medium is to be applied</subfield>
  </datafield>
  <datafield tag="260" ind1=" " ind2=" ">
    <subfield code="c">2013</subfield>
  </datafield>
  <datafield tag="269" ind1=" " ind2=" ">
    <subfield code="a">2013</subfield>
  </datafield>
  <datafield tag="336" ind1=" " ind2=" ">
    <subfield code="a">Patents</subfield>
  </datafield>
  <datafield tag="520" ind1=" " ind2=" ">
    <subfield code="a">NOVELTY - The device has a carrier (1) which is provided with micro-cavity (2) for containing medium in direct contact with the object on which the medium is to be applied. Other carrier is provided with ring to protect the medium from environment when the carrier is applied to patient. The sensor is provided with polymer or hydrogel pouch. The sensor is formed as carbon dioxide or metabolite concentration sensor. USE - Device for application of medium to human tissue or animal body such as eye, gingiva, skin, wound or internal organ (all claimed). Can also be used in scalp and mucuous membrane. ADVANTAGE - The carrier is provided with micro-cavity for containing medium in direct contact with the object on which the medium is to be applied. The carrier can be used in simple and precise way to treat the patient. The modified cells or non-epithelial cells to the ocular surface can be transplanted. Transplantation of cells in suspension to other superficial tissues such as gums, mucuous membranes, skin for hair follicle regeneration can be obtained. The dosable application of substances with or to the grafted cells can be obtained to improve engraftment, proliferation and differenciation of cells allowing the use of cells in suspension. The cell culture on lens or another media can be avoided so as to make transplanting easier and faster. The control of the location and of the quantity of cells applied to the target tissue can be allowed.</subfield>
  </datafield>
  <datafield tag="700" ind1=" " ind2=" ">
    <subfield code="a">Barrandon, Yann</subfield>
    <subfield code="g">149977</subfield>
    <subfield code="0">240648</subfield>
  </datafield>
  <datafield tag="700" ind1=" " ind2=" ">
    <subfield code="a">Braschler, Thomas Michael</subfield>
    <subfield code="g">157067</subfield>
    <subfield code="0">240218</subfield>
  </datafield>
  <datafield tag="700" ind1=" " ind2=" ">
    <subfield code="a">Caillier, M.</subfield>
  </datafield>
  <datafield tag="700" ind1=" " ind2=" ">
    <subfield code="a">Graber, Julien</subfield>
    <subfield code="g">161015</subfield>
    <subfield code="0">244894</subfield>
  </datafield>
  <datafield tag="700" ind1=" " ind2=" ">
    <subfield code="a">Renaud, Philippe</subfield>
    <subfield code="g">107144</subfield>
    <subfield code="0">240219</subfield>
  </datafield>
  <datafield tag="700" ind1=" " ind2=" ">
    <subfield code="a">van den Bergh, Hubert</subfield>
    <subfield code="g">106613</subfield>
    <subfield code="0">240886</subfield>
  </datafield>
  <datafield tag="909" ind1="C" ind2="0">
    <subfield code="p">LMIS4</subfield>
    <subfield code="0">252064</subfield>
    <subfield code="x">U10324</subfield>
  </datafield>
  <datafield tag="909" ind1="C" ind2="0">
    <subfield code="p">GR-VDB</subfield>
    <subfield code="0">252359</subfield>
  </datafield>
  <datafield tag="909" ind1="C" ind2="0">
    <subfield code="p">TTO</subfield>
    <subfield code="0">252085</subfield>
    <subfield code="x">U10021</subfield>
  </datafield>
  <datafield tag="909" ind1="C" ind2="O">
    <subfield code="o">oai:infoscience.tind.io:191302</subfield>
    <subfield code="p">SB</subfield>
    <subfield code="p">STI</subfield>
  </datafield>
  <datafield tag="917" ind1="Z" ind2="8">
    <subfield code="x">113143</subfield>
  </datafield>
  <datafield tag="937" ind1=" " ind2=" ">
    <subfield code="a">EPFL-PATENT-191302</subfield>
  </datafield>
  <datafield tag="973" ind1=" " ind2=" ">
    <subfield code="a">EPFL</subfield>
  </datafield>
  <datafield tag="980" ind1=" " ind2=" ">
    <subfield code="a">PATENT</subfield>
  </datafield>
</record>