
<record>
  <controlfield tag="001">264071</controlfield>
  <controlfield tag="005">20190225104746.0</controlfield>
  <datafield tag="013" ind1=" " ind2=" ">
    <subfield code="a">WO2018219431</subfield>
    <subfield code="b">A1</subfield>
  </datafield>
  <datafield tag="037" ind1=" " ind2=" ">
    <subfield code="a">PATENT</subfield>
  </datafield>
  <datafield tag="245" ind1=" " ind2=" ">
    <subfield code="a">GEOTEXTILE</subfield>
  </datafield>
  <datafield tag="260" ind1=" " ind2=" ">
    <subfield code="c">2018-12-06</subfield>
  </datafield>
  <datafield tag="269" ind1=" " ind2=" ">
    <subfield code="a">2018-12-06</subfield>
  </datafield>
  <datafield tag="336" ind1=" " ind2=" ">
    <subfield code="a">Patents</subfield>
  </datafield>
  <datafield tag="520" ind1=" " ind2=" ">
    <subfield code="a">The present invention concerns a geosynthetic element (1) for a geotechnical engineering application. The geosynthetic element (1) comprises: bacteria carriers (3) for carrying bacteria arranged to be propagated from the geosynthetic element (1) to a surrounding geomaterial; and a flow network comprising openings on its surface to allow a reactant to escape the flow network to the surrounding geomaterial along the flow network to produce solid calcium carbonate when in contact with the bacteria. The reactant flow network further comprises a set of inlets for feeding the reactant into the flow network, and a set of outlets for recovering at least a part of the reactant from the reactant flow network.</subfield>
  </datafield>
  <datafield tag="700" ind1=" " ind2=" ">
    <subfield code="0">248054</subfield>
    <subfield code="a">Terzis, Dimitrios</subfield>
  </datafield>
  <datafield tag="700" ind1=" " ind2=" ">
    <subfield code="0">240226</subfield>
    <subfield code="a">Laloui, Lyesse</subfield>
  </datafield>
  <datafield tag="720" ind1=" " ind2="5">
    <subfield code="a">EPFL</subfield>
    <subfield code="e">"app."</subfield>
  </datafield>
  <datafield tag="856" ind1="0" ind2=" ">
    <subfield code="f">dimitrios.terzis@epfl.ch</subfield>
  </datafield>
  <datafield tag="909" ind1="C" ind2="0">
    <subfield code="0">252080</subfield>
    <subfield code="m">lyesse.laloui@epfl.ch</subfield>
    <subfield code="p">LMS</subfield>
    <subfield code="x">U10264</subfield>
    <subfield code="z">Pasquier, Simon</subfield>
  </datafield>
  <datafield tag="909" ind1="C" ind2="O">
    <subfield code="o">oai:infoscience.epfl.ch:264071</subfield>
    <subfield code="p">ENAC</subfield>
  </datafield>
  <datafield tag="960" ind1=" " ind2=" ">
    <subfield code="a">dimitrios.terzis@epfl.ch</subfield>
  </datafield>
  <datafield tag="961" ind1=" " ind2=" ">
    <subfield code="a">fantin.reichler@epfl.ch</subfield>
  </datafield>
  <datafield tag="973" ind1=" " ind2=" ">
    <subfield code="a">EPFL</subfield>
  </datafield>
  <datafield tag="980" ind1=" " ind2=" ">
    <subfield code="a">PATENT</subfield>
  </datafield>
  <datafield tag="981" ind1=" " ind2=" ">
    <subfield code="a">overwrite</subfield>
  </datafield>
</record>