
<record>
  <controlfield tag="001">229036</controlfield>
  <controlfield tag="005">20180317092337.0</controlfield>
  <datafield tag="013" ind1=" " ind2=" ">
    <subfield code="a">US8594320</subfield>
    <subfield code="c">B2</subfield>
    <subfield code="b">US</subfield>
    <subfield code="d">20131126</subfield>
  </datafield>
  <datafield tag="013" ind1=" " ind2=" ">
    <subfield code="a">US2008170706</subfield>
    <subfield code="c">A1</subfield>
    <subfield code="b">US</subfield>
    <subfield code="d">20080717</subfield>
  </datafield>
  <datafield tag="013" ind1=" " ind2=" ">
    <subfield code="a">WO2006111370</subfield>
    <subfield code="c">A1</subfield>
    <subfield code="b">WO</subfield>
    <subfield code="d">20061026</subfield>
  </datafield>
  <datafield tag="024" ind1="7" ind2="0">
    <subfield code="a">36608579</subfield>
    <subfield code="2">EPO Family ID</subfield>
  </datafield>
  <datafield tag="024" ind1="7" ind2="0">
    <subfield code="a">6.0573</subfield>
    <subfield code="2">TTO</subfield>
  </datafield>
  <datafield tag="037" ind1=" " ind2=" ">
    <subfield code="a">PATENT</subfield>
  </datafield>
  <datafield tag="245" ind1=" " ind2=" ">
    <subfield code="a">Method And Device For Removing Echo In A Multi-Channel Audio Signal</subfield>
  </datafield>
  <datafield tag="260" ind1=" " ind2=" ">
    <subfield code="c">2008</subfield>
  </datafield>
  <datafield tag="269" ind1=" " ind2=" ">
    <subfield code="a">2008</subfield>
  </datafield>
  <datafield tag="336" ind1=" " ind2=" ">
    <subfield code="a">Patents</subfield>
  </datafield>
  <datafield tag="520" ind1=" " ind2=" ">
    <subfield code="a">Acoustic echo control and noise suppression is an important part of any "handsfree" telecommunication system, such as telephony or audio or video conferencing systems. Bandwidth and computational complexity constraints have prevented that stereo or multi-channel telecommunication systems have been widely applied. The advantages are very low complexity, high robustness, scalability to multi-channel audio without a need for loudspeaker signal distortion, and efficient integration of echo and noise control in the same algorithm.; The proposed method of processing multi-channels audio loudspeakers signals and at least one microphone signal, comprises the steps of: transforming the input microphone signals (y 1 (n), y 2 (n), . . . , yM(n)) into input microphone short-time spectra, computing a combined loudspeaker signal short-time spectrum [X(i,k)] from the loudspeaker signals, (x 1 (n), x 2 (n), . . . , xL(n)), computing a combined microphone signal short-time spectrum [Y(i,k)] from the input microphone signal, (y 1 (n), y 2 (n), . . .; , yM(n)), estimating a magnitude or power spectrum of the echo in the combined microphone signal short-time spectrum, computing a gain filter (G(i,k)) for magnitude modification of the input microphone short-time spectra, applying the gain filter to at least one of the input microphone spectra, converting the filtered input microphone spectra into the time domain (e 1 (n), e 2 (n), . . . , eM(n)).</subfield>
  </datafield>
  <datafield tag="700" ind1=" " ind2=" ">
    <subfield code="a">Faller, Christof</subfield>
  </datafield>
  <datafield tag="909" ind1="C" ind2="0">
    <subfield code="p">TTO</subfield>
    <subfield code="0">252085</subfield>
    <subfield code="x">U10021</subfield>
  </datafield>
  <datafield tag="937" ind1=" " ind2=" ">
    <subfield code="a">EPFL-PATENT-229036</subfield>
  </datafield>
  <datafield tag="973" ind1=" " ind2=" ">
    <subfield code="a">EPFL</subfield>
  </datafield>
  <datafield tag="980" ind1=" " ind2=" ">
    <subfield code="a">PATENT</subfield>
  </datafield>
</record>