
<record>
  <controlfield tag="001">223540</controlfield>
  <controlfield tag="005">20190317000605.0</controlfield>
  <datafield tag="013" ind1=" " ind2=" ">
    <subfield code="a">ITRA20090014-A1</subfield>
  </datafield>
  <datafield tag="013" ind1=" " ind2=" ">
    <subfield code="a">WO2010058438</subfield>
    <subfield code="c">A1</subfield>
    <subfield code="b">WO</subfield>
  </datafield>
  <datafield tag="013" ind1=" " ind2=" ">
    <subfield code="a">ITRA20080047-A1</subfield>
  </datafield>
  <datafield tag="024" ind1="7" ind2="0">
    <subfield code="a">41491633</subfield>
    <subfield code="2">EPO Family ID</subfield>
  </datafield>
  <datafield tag="024" ind1="7" ind2="0">
    <subfield code="a">41571164</subfield>
    <subfield code="2">EPO Family ID</subfield>
  </datafield>
  <datafield tag="024" ind1="7" ind2="0">
    <subfield code="a">42110155</subfield>
    <subfield code="2">EPO Family ID</subfield>
  </datafield>
  <datafield tag="037" ind1=" " ind2=" ">
    <subfield code="a">PATENT</subfield>
  </datafield>
  <datafield tag="245" ind1=" " ind2=" ">
    <subfield code="a">Optoelectronic measuring apparatus for distributed physical characteristic</subfield>
  </datafield>
  <datafield tag="260" ind1=" " ind2=" ">
    <subfield code="c">2010</subfield>
  </datafield>
  <datafield tag="269" ind1=" " ind2=" ">
    <subfield code="a">2010</subfield>
  </datafield>
  <datafield tag="336" ind1=" " ind2=" ">
    <subfield code="a">Patents</subfield>
  </datafield>
  <datafield tag="500" ind1=" " ind2=" ">
    <subfield code="a">International Filing Date: 20.11.2009; Publication Date: 27.05.2010</subfield>
  </datafield>
  <datafield tag="520" ind1=" " ind2=" ">
    <subfield code="a">Optoelectronic measuring apparatus comprising emitting means suitable, in use, to generate and modulating the optics power of a plurality of trains comprising a plurality of first electromagnetic pulses presenting a first given frequency and a first duration which can be determined substantially at- will; an optical transmission group for the first electromagnetic pulses comprising a waveguide; a detecting group suitable, in use, to sample the time-variation of at least an optical feature of at least an electromagnetic radiation; each radiation having interacted with at least a said train through given Brillouin scattering phenomena at least one portion of said waveguide.</subfield>
  </datafield>
  <datafield tag="700" ind1=" " ind2=" ">
    <subfield code="a">Bolognini, Gabriele</subfield>
  </datafield>
  <datafield tag="700" ind1=" " ind2=" ">
    <subfield code="a">Di Pasquale, Fabrizio</subfield>
  </datafield>
  <datafield tag="700" ind1=" " ind2=" ">
    <subfield code="a">Soto, Marcelo A.</subfield>
  </datafield>
  <datafield tag="856" ind1="4" ind2=" ">
    <subfield code="z">URL</subfield>
    <subfield code="u">https://patentscope.wipo.int/search/en/detail.jsf?docId=WO2010058438&amp;recNum=50&amp;docAn=DE2014100299&amp;queryString=&amp;maxRec=2801215</subfield>
  </datafield>
  <datafield tag="856" ind1="4" ind2=" ">
    <subfield code="y">Publisher's version</subfield>
    <subfield code="s">3711085</subfield>
    <subfield code="z">Publisher's version</subfield>
    <subfield code="u">http://infoscience.epfl.ch/record/223540/files/id00000010738427.pdf</subfield>
  </datafield>
  <datafield tag="909" ind1="C" ind2="0">
    <subfield code="p">IEL</subfield>
    <subfield code="0">252445</subfield>
    <subfield code="x">U10318</subfield>
  </datafield>
  <datafield tag="909" ind1="C" ind2="O">
    <subfield code="o">oai:infoscience.tind.io:223540</subfield>
    <subfield code="p">STI</subfield>
    <subfield code="q">GLOBAL_SET</subfield>
  </datafield>
  <datafield tag="917" ind1="Z" ind2="8">
    <subfield code="x">195294</subfield>
  </datafield>
  <datafield tag="917" ind1="Z" ind2="8">
    <subfield code="x">148230</subfield>
  </datafield>
  <datafield tag="937" ind1=" " ind2=" ">
    <subfield code="a">EPFL-PATENT-223540</subfield>
  </datafield>
  <datafield tag="973" ind1=" " ind2=" ">
    <subfield code="a">OTHER</subfield>
  </datafield>
  <datafield tag="980" ind1=" " ind2=" ">
    <subfield code="a">PATENT</subfield>
  </datafield>
</record>