
<record>
  <controlfield tag="001">211802</controlfield>
  <controlfield tag="005">20180913063324.0</controlfield>
  <datafield tag="013" ind1=" " ind2=" ">
    <subfield code="a">US9307932</subfield>
    <subfield code="c">B2</subfield>
    <subfield code="b">US</subfield>
    <subfield code="d">20160412</subfield>
  </datafield>
  <datafield tag="013" ind1=" " ind2=" ">
    <subfield code="a">EP2593009</subfield>
    <subfield code="c">A1</subfield>
    <subfield code="b">EP</subfield>
    <subfield code="d">20130522</subfield>
  </datafield>
  <datafield tag="013" ind1=" " ind2=" ">
    <subfield code="a">US2013123665</subfield>
    <subfield code="c">A1</subfield>
    <subfield code="b">US</subfield>
    <subfield code="d">20130516</subfield>
  </datafield>
  <datafield tag="013" ind1=" " ind2=" ">
    <subfield code="a">WO2012007855</subfield>
    <subfield code="c">A1</subfield>
    <subfield code="b">WO</subfield>
    <subfield code="d">20120119</subfield>
  </datafield>
  <datafield tag="024" ind1="7" ind2="0">
    <subfield code="a">6.1006</subfield>
    <subfield code="2">TTO</subfield>
  </datafield>
  <datafield tag="024" ind1="7" ind2="0">
    <subfield code="a">44630130</subfield>
    <subfield code="2">EPO Family ID</subfield>
  </datafield>
  <datafield tag="037" ind1=" " ind2=" ">
    <subfield code="a">PATENT</subfield>
  </datafield>
  <datafield tag="245" ind1=" " ind2=" ">
    <subfield code="a">System and method for 3d gait assessment</subfield>
  </datafield>
  <datafield tag="260" ind1=" " ind2=" ">
    <subfield code="c">2012</subfield>
  </datafield>
  <datafield tag="269" ind1=" " ind2=" ">
    <subfield code="a">2012</subfield>
  </datafield>
  <datafield tag="336" ind1=" " ind2=" ">
    <subfield code="a">Patents</subfield>
  </datafield>
  <datafield tag="520" ind1=" " ind2=" ">
    <subfield code="a">The invention relates to a system and a method for assessment of walking and running gait in human. The method is preferably based on the fusion of a portable device featuring inertial sensors and several new dedicated signal processing algorithms: the detection of specific temporal events and parameters, 5 optimized fusion and de-drifted integration of inertial signals, automatic and online virtual alignment of sensors module, 3D foot kinematics estimation, a kinematic model for automatic online heel and toe position estimation, and finally the extraction of relevant and clinically meaning-full outcome parameters. Advantageously including at least one wireless inertial module attached to foot, the system provides common spatio-temporal parameters (gait cycle time, stride length, and stride velocity), with the 10 advantage of being able to work in unconstrained condition such as during turning or running. It furthermore may provide original parameters for each gait cycle, both temporal (load, foot-flat and push duration) and spatial (foot clearance and turning angle), and their inter-cycles variability. The system and method according to the invention allows the assessment of various aspects of gait which have shown recently to be of premium importance in research and clinical field, including foot clearance, 15 turns, gait initiation and termination, running, or gait variability. The system may be light weight, easy to wear and use, and suitable for any application requiring objective and quantitative evaluation of gait without heavy laboratory settings.</subfield>
  </datafield>
  <datafield tag="700" ind1=" " ind2=" ">
    <subfield code="a">Mariani, Benoit</subfield>
  </datafield>
  <datafield tag="700" ind1=" " ind2=" ">
    <subfield code="a">Aminian, Kamiar</subfield>
    <subfield code="g">104385</subfield>
    <subfield code="0">240167</subfield>
  </datafield>
  <datafield tag="909" ind1="C" ind2="0">
    <subfield code="p">LMAM</subfield>
    <subfield code="0">252052</subfield>
    <subfield code="x">U10303</subfield>
  </datafield>
  <datafield tag="909" ind1="C" ind2="0">
    <subfield code="p">TTO</subfield>
    <subfield code="0">252085</subfield>
    <subfield code="x">U10021</subfield>
  </datafield>
  <datafield tag="909" ind1="C" ind2="O">
    <subfield code="o">oai:infoscience.tind.io:211802</subfield>
    <subfield code="p">STI</subfield>
  </datafield>
  <datafield tag="917" ind1="Z" ind2="8">
    <subfield code="x">104385</subfield>
  </datafield>
  <datafield tag="937" ind1=" " ind2=" ">
    <subfield code="a">EPFL-PATENT-211802</subfield>
  </datafield>
  <datafield tag="973" ind1=" " ind2=" ">
    <subfield code="a">EPFL</subfield>
  </datafield>
  <datafield tag="980" ind1=" " ind2=" ">
    <subfield code="a">PATENT</subfield>
  </datafield>
</record>