
<record>
  <controlfield tag="001">186751</controlfield>
  <controlfield tag="005">20190316235635.0</controlfield>
  <datafield tag="013" ind1=" " ind2=" ">
    <subfield code="a">EP2780871</subfield>
    <subfield code="c">B1</subfield>
    <subfield code="b">EP</subfield>
    <subfield code="d">20150916</subfield>
  </datafield>
  <datafield tag="013" ind1=" " ind2=" ">
    <subfield code="a">EP2780871</subfield>
    <subfield code="c">A2</subfield>
    <subfield code="b">EP</subfield>
    <subfield code="d">20140924</subfield>
  </datafield>
  <datafield tag="013" ind1=" " ind2=" ">
    <subfield code="a">WO2013072401</subfield>
    <subfield code="c">A3</subfield>
    <subfield code="b">WO</subfield>
    <subfield code="d">20131205</subfield>
  </datafield>
  <datafield tag="013" ind1=" " ind2=" ">
    <subfield code="a">WO2013072401</subfield>
    <subfield code="c">A2</subfield>
    <subfield code="b">WO</subfield>
    <subfield code="d">20130523</subfield>
  </datafield>
  <datafield tag="024" ind1="7" ind2="0">
    <subfield code="a">47189936</subfield>
    <subfield code="2">EPO Family ID</subfield>
  </datafield>
  <datafield tag="037" ind1=" " ind2=" ">
    <subfield code="a">PATENT</subfield>
  </datafield>
  <datafield tag="245" ind1=" " ind2=" ">
    <subfield code="a">Tracklet-based Multi-Commodity Network Flow for Tracking Multiple People</subfield>
  </datafield>
  <datafield tag="260" ind1=" " ind2=" ">
    <subfield code="c">2013</subfield>
    <subfield code="b">WO</subfield>
  </datafield>
  <datafield tag="269" ind1=" " ind2=" ">
    <subfield code="a">2013</subfield>
  </datafield>
  <datafield tag="336" ind1=" " ind2=" ">
    <subfield code="a">Patents</subfield>
  </datafield>
  <datafield tag="520" ind1=" " ind2=" ">
    <subfield code="a">(EN)A method for continuously tracking multiple people partitioned into groups while preserving identities under global appearance constraints, wherein people's trajectories may intersect, and wherein only sparse appearance information is available is disclosed. Individual trajectories for each group identity are obtained by solving a layered tracklet-based multi-commodity f low (MCNF) programming problem, wherein tracklets are connected parts of splitted trajectories, wherein each trajectory is split at posit ions which are in the neighborhood of another, wherein said neighborhood encompasses locations within a predefined distance. (FR)L'invention concerne un procédé pour suivre en continu de multiples personnes partitionnées en groupes tout en préservant des identités sous des contraintes d'apparence globale, dans lequel des trajectoires de personnes peuvent se couper, et dans lequel seules des informations d'apparence éparses sont disponibles. Des trajectoires individuelles pour chaque identité de groupe sont obtenues par résolution d'un problème de programmation de flux plurisectoriel, basé sur de mini-trajectoires, en couches (MCNF), les mini-trajectoires étant des parties reliées de trajectoires divisées, chaque trajectoire étant divisée à des positions qui sont au voisinage les unes des autres, ledit voisinage englobant des emplacements dans une distance prédéfinie.</subfield>
  </datafield>
  <datafield tag="700" ind1=" " ind2=" ">
    <subfield code="a">Ben Shitrit, Horesh</subfield>
    <subfield code="g">193130</subfield>
    <subfield code="0">242722</subfield>
  </datafield>
  <datafield tag="700" ind1=" " ind2=" ">
    <subfield code="a">Berclaz, Jerome</subfield>
  </datafield>
  <datafield tag="700" ind1=" " ind2=" ">
    <subfield code="a">Fleuret, François</subfield>
    <subfield code="g">112366</subfield>
    <subfield code="0">240252</subfield>
  </datafield>
  <datafield tag="700" ind1=" " ind2=" ">
    <subfield code="a">Fua, Pascal</subfield>
    <subfield code="g">112366</subfield>
    <subfield code="0">240252</subfield>
  </datafield>
  <datafield tag="856" ind1="4" ind2=" ">
    <subfield code="z">URL</subfield>
    <subfield code="u">http://patentscope.wipo.int/search/en/WO2013072401</subfield>
  </datafield>
  <datafield tag="909" ind1="C" ind2="0">
    <subfield code="p">CVLAB</subfield>
    <subfield code="0">252087</subfield>
    <subfield code="x">U10659</subfield>
  </datafield>
  <datafield tag="909" ind1="C" ind2="O">
    <subfield code="o">oai:infoscience.tind.io:186751</subfield>
    <subfield code="p">IC</subfield>
    <subfield code="q">GLOBAL_SET</subfield>
  </datafield>
  <datafield tag="917" ind1="Z" ind2="8">
    <subfield code="x">193130</subfield>
  </datafield>
  <datafield tag="917" ind1="Z" ind2="8">
    <subfield code="x">112366</subfield>
  </datafield>
  <datafield tag="937" ind1=" " ind2=" ">
    <subfield code="a">EPFL-PATENT-186751</subfield>
  </datafield>
  <datafield tag="973" ind1=" " ind2=" ">
    <subfield code="a">EPFL</subfield>
  </datafield>
  <datafield tag="980" ind1=" " ind2=" ">
    <subfield code="a">PATENT</subfield>
  </datafield>
</record>