
<record>
  <controlfield tag="001">175353</controlfield>
  <controlfield tag="005">20190117210518.0</controlfield>
  <datafield tag="013" ind1=" " ind2=" ">
    <subfield code="a">US8080784</subfield>
    <subfield code="c">B2</subfield>
    <subfield code="b">US</subfield>
    <subfield code="d">20111220</subfield>
  </datafield>
  <datafield tag="013" ind1=" " ind2=" ">
    <subfield code="a">US2010090105</subfield>
    <subfield code="c">A1</subfield>
    <subfield code="b">US</subfield>
    <subfield code="d">20100415</subfield>
  </datafield>
  <datafield tag="013" ind1=" " ind2=" ">
    <subfield code="a">EP2108187</subfield>
    <subfield code="c">A2</subfield>
    <subfield code="b">EP</subfield>
    <subfield code="d">20091014</subfield>
  </datafield>
  <datafield tag="013" ind1=" " ind2=" ">
    <subfield code="a">WO2008083966</subfield>
    <subfield code="c">A3</subfield>
    <subfield code="b">WO</subfield>
    <subfield code="d">20081224</subfield>
  </datafield>
  <datafield tag="013" ind1=" " ind2=" ">
    <subfield code="a">WO2008083966</subfield>
    <subfield code="c">A2</subfield>
    <subfield code="b">WO</subfield>
    <subfield code="d">20080717</subfield>
  </datafield>
  <datafield tag="024" ind1="7" ind2="0">
    <subfield code="a">37809756</subfield>
    <subfield code="2">EPO Family ID</subfield>
  </datafield>
  <datafield tag="024" ind1="7" ind2="0">
    <subfield code="a">6.0722</subfield>
    <subfield code="2">TTO</subfield>
  </datafield>
  <datafield tag="037" ind1=" " ind2=" ">
    <subfield code="a">PATENT</subfield>
  </datafield>
  <datafield tag="245" ind1=" " ind2=" ">
    <subfield code="a">Plate for matrix-assisted laser desorption ionization mass spectrometry for, e.g. analyzing peptide, has substrate that is covered with light sensitive matrix with light absorber, charge carrier, probe molecule and photo-sensitizer</subfield>
  </datafield>
  <datafield tag="260" ind1=" " ind2=" ">
    <subfield code="c">2008</subfield>
  </datafield>
  <datafield tag="269" ind1=" " ind2=" ">
    <subfield code="a">2008</subfield>
  </datafield>
  <datafield tag="336" ind1=" " ind2=" ">
    <subfield code="a">Patents</subfield>
  </datafield>
  <datafield tag="520" ind1=" " ind2=" ">
    <subfield code="a">NOVELTY - The plate has electrically conductive substrate (1) that is covered with light sensitive matrix (2). The matrix comprises light absorber, charge carrier, probe molecule and photo-sensitizer (3) arranged to oxidize probe molecule by irradiation of light from light source (4). The absorber and carrier comprise crystalline acid. The matrix comprises hybrid organic-inorganic gel, and xerogel. USE - Plate for matrix-assisted laser desorption ionization (MALDI) mass spectrometry for analyzing biomolecules such as peptide by structurally determining oxidation products of probe molecules (claimed) and the products of successive reactions involving the oxidation products of the probe molecules, and for screening and evaluation of anti-oxidants and drugs, and studying metabolic pathway in biological processes. ADVANTAGE - The structural determination of oxidation product of probe molecule can be enabled. DETAILED DESCRIPTION - An INDEPENDENT CLAIM is included for method for preparing plate. DESCRIPTION OF DRAWING(S) - The drawing shows the schematic view of photo-reactive MALDI plate. Substrate (1) Light sensitive matrix (2) Photo-sensitizer (3) Light source (4) Portion of matrix (5)</subfield>
  </datafield>
  <datafield tag="700" ind1=" " ind2=" ">
    <subfield code="a">Qiao, Liang</subfield>
    <subfield code="g">192106</subfield>
    <subfield code="0">242749</subfield>
  </datafield>
  <datafield tag="700" ind1=" " ind2=" ">
    <subfield code="a">Yang, Pengyuan</subfield>
  </datafield>
  <datafield tag="700" ind1=" " ind2=" ">
    <subfield code="a">Liu, Baohong</subfield>
  </datafield>
  <datafield tag="700" ind1=" " ind2=" ">
    <subfield code="a">Lion, Niels</subfield>
    <subfield code="g">146269</subfield>
    <subfield code="0">240309</subfield>
  </datafield>
  <datafield tag="700" ind1=" " ind2=" ">
    <subfield code="a">Roussel, Christophe</subfield>
    <subfield code="g">150841</subfield>
    <subfield code="0">240500</subfield>
  </datafield>
  <datafield tag="700" ind1=" " ind2=" ">
    <subfield code="a">Girault, Hubert</subfield>
    <subfield code="g">105258</subfield>
    <subfield code="0">242739</subfield>
  </datafield>
  <datafield tag="909" ind1="C" ind2="0">
    <subfield code="p">LEPA</subfield>
    <subfield code="0">252090</subfield>
    <subfield code="x">U10100</subfield>
  </datafield>
  <datafield tag="909" ind1="C" ind2="0">
    <subfield code="p">TTO</subfield>
    <subfield code="0">252085</subfield>
    <subfield code="x">U10021</subfield>
  </datafield>
  <datafield tag="909" ind1="C" ind2="O">
    <subfield code="o">oai:infoscience.tind.io:175353</subfield>
    <subfield code="p">SB</subfield>
  </datafield>
  <datafield tag="917" ind1="Z" ind2="8">
    <subfield code="x">192106</subfield>
  </datafield>
  <datafield tag="937" ind1=" " ind2=" ">
    <subfield code="a">EPFL-PATENT-175353</subfield>
  </datafield>
  <datafield tag="973" ind1=" " ind2=" ">
    <subfield code="a">EPFL</subfield>
    <subfield code="s">PUBLISHED</subfield>
  </datafield>
  <datafield tag="980" ind1=" " ind2=" ">
    <subfield code="a">PATENT</subfield>
  </datafield>
</record>