
<record>
  <controlfield tag="001">163424</controlfield>
  <controlfield tag="005">20190316235031.0</controlfield>
  <datafield tag="013" ind1=" " ind2=" ">
    <subfield code="a">US20090230955</subfield>
    <subfield code="b">US</subfield>
    <subfield code="d">2009</subfield>
  </datafield>
  <datafield tag="037" ind1=" " ind2=" ">
    <subfield code="a">PATENT</subfield>
  </datafield>
  <datafield tag="245" ind1=" " ind2=" ">
    <subfield code="a">Orthogonal fluxgate magnetic field sensor</subfield>
  </datafield>
  <datafield tag="260" ind1=" " ind2=" ">
    <subfield code="c">2009</subfield>
  </datafield>
  <datafield tag="269" ind1=" " ind2=" ">
    <subfield code="a">2009</subfield>
  </datafield>
  <datafield tag="336" ind1=" " ind2=" ">
    <subfield code="a">Patents</subfield>
  </datafield>
  <datafield tag="520" ind1=" " ind2=" ">
    <subfield code="a">Orthogonal fluxgate sensor for measuring an external magnetic field Hext, comprising a conductor for carrying an excitation current lexc, a ferromagnetic material adapted to saturate in the presence of a magnetic field generated by the excitation current, and at least one pick-up coil adapted to detect variations in the magnetic field in the vicinity of the magnetic material. The excitation conductor comprises a substantially linear elongated portion of conductive, non-magnetic material, forming an excitation rod (6). The magnetic material surrounds the excitation rod in the form of a cladding (8).</subfield>
  </datafield>
  <datafield tag="700" ind1=" " ind2=" ">
    <subfield code="a">Kejik, Pavel</subfield>
    <subfield code="g">114934</subfield>
    <subfield code="0">241343</subfield>
  </datafield>
  <datafield tag="700" ind1=" " ind2=" ">
    <subfield code="a">Zorlu, Ozge</subfield>
  </datafield>
  <datafield tag="856" ind1="4" ind2=" ">
    <subfield code="y">Publisher's version</subfield>
    <subfield code="s">320480</subfield>
    <subfield code="z">n/a</subfield>
    <subfield code="u">http://infoscience.epfl.ch/record/163424/files/US20090230955.pdf</subfield>
  </datafield>
  <datafield tag="909" ind1="C" ind2="0">
    <subfield code="p">LMIS3</subfield>
    <subfield code="0">252356</subfield>
    <subfield code="x">U10323</subfield>
  </datafield>
  <datafield tag="909" ind1="C" ind2="O">
    <subfield code="o">oai:infoscience.epfl.ch:163424</subfield>
    <subfield code="q">GLOBAL_SET</subfield>
  </datafield>
  <datafield tag="917" ind1="Z" ind2="8">
    <subfield code="x">114934</subfield>
  </datafield>
  <datafield tag="937" ind1=" " ind2=" ">
    <subfield code="a">EPFL-PATENT-163424</subfield>
  </datafield>
  <datafield tag="973" ind1=" " ind2=" ">
    <subfield code="a">EPFL</subfield>
    <subfield code="s">PUBLISHED</subfield>
  </datafield>
  <datafield tag="980" ind1=" " ind2=" ">
    <subfield code="a">PATENT</subfield>
  </datafield>
</record>