
<record>
  <controlfield tag="001">158355</controlfield>
  <controlfield tag="005">20190213065731.0</controlfield>
  <datafield tag="013" ind1=" " ind2=" ">
    <subfield code="a">FR2865204</subfield>
    <subfield code="c">A1</subfield>
    <subfield code="b">FR</subfield>
    <subfield code="d">20050722</subfield>
  </datafield>
  <datafield tag="024" ind1="7" ind2="0">
    <subfield code="a">34707975</subfield>
    <subfield code="2">EPO Family ID</subfield>
  </datafield>
  <datafield tag="037" ind1=" " ind2=" ">
    <subfield code="a">PATENT</subfield>
  </datafield>
  <datafield tag="245" ind1=" " ind2=" ">
    <subfield code="a">Nouveau Composes Chiraux Dérives d’une Diamine ou d’un Aminoalcool, Monosulfonylés et carbonylés Porteurs d’un Groupe Pyrrolidinyle. Leur Préparation et Leurs Applications en Catalyse Asymétrique</subfield>
  </datafield>
  <datafield tag="260" ind1=" " ind2=" ">
    <subfield code="c">2005</subfield>
  </datafield>
  <datafield tag="269" ind1=" " ind2=" ">
    <subfield code="a">2005</subfield>
  </datafield>
  <datafield tag="336" ind1=" " ind2=" ">
    <subfield code="a">Patents</subfield>
  </datafield>
  <datafield tag="520" ind1=" " ind2=" ">
    <subfield code="a">Chiral esters and amides (I) of pyrrolidine-2-carboxylic acid are new. - Chiral esters and amides of pyrrolidine-2-carboxylic acid, having formula (I), are new. - A = groups F1 or F2; - R' and R'' = 1-20C hydrocarbyl, i.e. acyclic, linear or branched, saturated or unsaturated aliphatic, carbo- or hetero-cyclic, mono- or poly-cyclic, saturated, unsaturated or aromatic, or a chain of such groups, or R' and R'' are linked to form a 4-20 atom carbo- or hetero-cyclic group, saturated, unsaturated or aromatic, mono- or poly-cyclic; - Ar1 and Ar2 = two aromatic, carbo- or hetero-cyclic, rings optionally substituted, fused and/or containing one or more heteroatoms; - x and y = bonds between A and heteroatoms; - Rf = 1-20C hydrocarbyl, optionally containing at least one halo, preferably fluoro; - Rz = one or more substituents on pyrrolidinyl; - G = a chiral group; - W = O or RyN; - Ry = 1-20C hydrocarbyl as for R', or a chain of such groups; - n = number of ring substituents; - m = 0-3, preferably 0 or 1; - the wavy line = chiral bond; - the broken line = chiral or non-chiral bond. - An INDEPENDENT CLAIM is also included for a method for preparing (I) by reacting an N-protected pyrrolidine-2-carboxylic acid (or alkyl ester) with the appropriate alcohol or amine.</subfield>
  </datafield>
  <datafield tag="700" ind1=" " ind2=" ">
    <subfield code="a">Mignani, Gérard</subfield>
  </datafield>
  <datafield tag="700" ind1=" " ind2=" ">
    <subfield code="a">Turcono, Joel</subfield>
  </datafield>
  <datafield tag="700" ind1=" " ind2=" ">
    <subfield code="a">Zhu, Jieping</subfield>
    <subfield code="g">206332</subfield>
    <subfield code="0">244710</subfield>
  </datafield>
  <datafield tag="909" ind1="C" ind2="0">
    <subfield code="p">LSPN</subfield>
    <subfield code="0">252341</subfield>
    <subfield code="x">U12326</subfield>
  </datafield>
  <datafield tag="909" ind1="C" ind2="O">
    <subfield code="o">oai:infoscience.tind.io:158355</subfield>
    <subfield code="p">SB</subfield>
  </datafield>
  <datafield tag="917" ind1="Z" ind2="8">
    <subfield code="x">148230</subfield>
  </datafield>
  <datafield tag="937" ind1=" " ind2=" ">
    <subfield code="a">EPFL-PATENT-158355</subfield>
  </datafield>
  <datafield tag="973" ind1=" " ind2=" ">
    <subfield code="a">OTHER</subfield>
    <subfield code="s">PUBLISHED</subfield>
  </datafield>
  <datafield tag="980" ind1=" " ind2=" ">
    <subfield code="a">PATENT</subfield>
  </datafield>
</record>