
<record>
  <controlfield tag="001">154994</controlfield>
  <controlfield tag="005">20190316234936.0</controlfield>
  <datafield tag="013" ind1=" " ind2=" ">
    <subfield code="a">.</subfield>
  </datafield>
  <datafield tag="037" ind1=" " ind2=" ">
    <subfield code="a">PATENT</subfield>
  </datafield>
  <datafield tag="245" ind1=" " ind2=" ">
    <subfield code="a">Deutsche Patentanmeldung "Verfahren und Vorrichtung zur Bestimmung mindestens einer gewünschten Reiseverbindung"</subfield>
  </datafield>
  <datafield tag="260" ind1=" " ind2=" ">
    <subfield code="c">2010</subfield>
  </datafield>
  <datafield tag="269" ind1=" " ind2=" ">
    <subfield code="a">2010</subfield>
  </datafield>
  <datafield tag="336" ind1=" " ind2=" ">
    <subfield code="a">Patents</subfield>
  </datafield>
  <datafield tag="500" ind1=" " ind2=" ">
    <subfield code="a">Submitted</subfield>
  </datafield>
  <datafield tag="520" ind1=" " ind2=" ">
    <subfield code="a">Die Erfindung betrifft ein Verfahren und eine Vorrichtung zur Bestimmung mindestens einer gewünschten Verbindung, wobei die gewünschte Verbindung in Abhängigkeit von Reiseparametern der gewünschten Verbindung bestimmt wird, wobei für die gewünschte Verbindung mindestens eine existente Verlaufsoption der gewünschten Verbindung in Abhängigkeit von vorbekannten Reiseparametern von gebundenen Transportmöglichkeiten bestimmt wird, wobei gebundene Transportmöglichkeiten an eine Reisezeit gebunden sind, wobei die mindestens eine existente Verlaufsoption der gewünschten Verbindung zusätzlich in Abhängigkeit von vorbekannten Verfügbarkeiten von ungebundenen Transportmöglichkeiten bestimmt wird, wobei ungebundene Transportmöglichkeiten von einer Reisezeit unabhängig sind.</subfield>
  </datafield>
  <datafield tag="653" ind1="1" ind2=" ">
    <subfield code="a">DLR</subfield>
  </datafield>
  <datafield tag="700" ind1=" " ind2=" ">
    <subfield code="a">Ebendt, Rüdiger</subfield>
  </datafield>
  <datafield tag="700" ind1=" " ind2=" ">
    <subfield code="a">Niebel, Wolfgang</subfield>
  </datafield>
  <datafield tag="700" ind1=" " ind2=" ">
    <subfield code="a">Nippold, Ronald</subfield>
  </datafield>
  <datafield tag="700" ind1=" " ind2=" ">
    <subfield code="a">Ruppe, Sten</subfield>
  </datafield>
  <datafield tag="700" ind1=" " ind2=" ">
    <subfield code="a">Sohr, Alexander</subfield>
  </datafield>
  <datafield tag="856" ind1="4" ind2=" ">
    <subfield code="z">URL</subfield>
    <subfield code="u">http://elib.dlr.de/64236/</subfield>
  </datafield>
  <datafield tag="909" ind1="C" ind2="0">
    <subfield code="p">NEARCTIS</subfield>
    <subfield code="0">252324</subfield>
  </datafield>
  <datafield tag="909" ind1="C" ind2="O">
    <subfield code="o">oai:infoscience.epfl.ch:154994</subfield>
    <subfield code="q">GLOBAL_SET</subfield>
  </datafield>
  <datafield tag="917" ind1="Z" ind2="8">
    <subfield code="x">173008</subfield>
  </datafield>
  <datafield tag="937" ind1=" " ind2=" ">
    <subfield code="a">EPFL-PATENT-154994</subfield>
  </datafield>
  <datafield tag="973" ind1=" " ind2=" ">
    <subfield code="a">OTHER</subfield>
    <subfield code="s">PUBLISHED</subfield>
  </datafield>
  <datafield tag="980" ind1=" " ind2=" ">
    <subfield code="a">PATENT</subfield>
  </datafield>
</record>