
<record>
  <controlfield tag="001">99791</controlfield>
  <controlfield tag="005">20190316233921.0</controlfield>
  <datafield tag="013" ind1=" " ind2=" ">
    <subfield code="a">US5438431</subfield>
    <subfield code="b">US</subfield>
    <subfield code="d">19950801</subfield>
  </datafield>
  <datafield tag="024" ind1="7" ind2="0">
    <subfield code="a">4215016</subfield>
    <subfield code="2">EPO Family ID</subfield>
  </datafield>
  <datafield tag="037" ind1=" " ind2=" ">
    <subfield code="a">PATENT</subfield>
  </datafield>
  <datafield tag="245" ind1=" " ind2=" ">
    <subfield code="a">Method and Apparatus for Generating Digital Half-tone Images Using a Rotated Dispersed Dither Matrix.</subfield>
  </datafield>
  <datafield tag="260" ind1=" " ind2=" ">
    <subfield code="c">1995</subfield>
  </datafield>
  <datafield tag="269" ind1=" " ind2=" ">
    <subfield code="a">1995</subfield>
  </datafield>
  <datafield tag="336" ind1=" " ind2=" ">
    <subfield code="a">Patents</subfield>
  </datafield>
  <datafield tag="520" ind1=" " ind2=" ">
    <subfield code="a">Method and apparatus enabling color or black/white bi-level or multi-level halftone images to be displayed or printed on various raster output devices, in particular on display devices (cathode ray tubes, plasma displays, liquid crystal displays) or on printing devices (printers, telefaxes). The originality of the present invention is found in the dither matrix R^c*n which is obtained by applying on a c-fold replication of a well-dispersed threshold matrix D^n a one-to-one discrete rotation of Pythagorean angle alpha = arctan(b/a) or beta = arctan(a/b) around an arbitrary point, where {a,b,c} are Pythagorean triplets satisfying Diophantine equation a^2+b^2=c^2 and n is an integer. The images produced using the disclosed method are visually pleasing due to the absence of visible artifacts and to the small typical structure size. In addition, this method offers very smooth intensity gradations throughout the dynamic range. The disclosed method can be applied to different one-to-one discrete rotations of a c-fold replication of a well-dispersed threshold matrix D^n but it has proved especially effective in the case where a 5-fold replication of well-dispersed threshold matrix D^n is rotated by angle alpha = arctan(3/4) or beta = arctan(4/3). The most interesting cases are those where n= 8, 16, and where the dither matrices can faithfully reproduce respectively 65 and 257 distinct intensity levels.</subfield>
  </datafield>
  <datafield tag="700" ind1=" " ind2=" ">
    <subfield code="a">Ostromoukhov, V.</subfield>
  </datafield>
  <datafield tag="856" ind1="4" ind2=" ">
    <subfield code="z">URL</subfield>
    <subfield code="u">http://patft.uspto.gov/netacgi/nph-Parser?Sect1=PTO2&amp;Sect2=HITOFF&amp;p=1&amp;u=%2Fnetahtml%2FPTO%2Fsearch-bool.html&amp;r=25&amp;f=G&amp;l=50&amp;co1=AND&amp;d=PTXT&amp;s1=5,438,431&amp;OS=5,438,431&amp;RS=5,438,431</subfield>
  </datafield>
  <datafield tag="909" ind1="C" ind2="0">
    <subfield code="p">LSP</subfield>
    <subfield code="0">252034</subfield>
    <subfield code="x">U10417</subfield>
  </datafield>
  <datafield tag="909" ind1="C" ind2="O">
    <subfield code="o">oai:infoscience.tind.io:99791</subfield>
    <subfield code="p">IC</subfield>
    <subfield code="q">GLOBAL_SET</subfield>
  </datafield>
  <datafield tag="937" ind1=" " ind2=" ">
    <subfield code="a">LSP-PATENT-1995-002</subfield>
  </datafield>
  <datafield tag="970" ind1=" " ind2=" ">
    <subfield code="a">2116/LSP</subfield>
  </datafield>
  <datafield tag="973" ind1=" " ind2=" ">
    <subfield code="a">EPFL</subfield>
    <subfield code="s">PUBLISHED</subfield>
  </datafield>
  <datafield tag="980" ind1=" " ind2=" ">
    <subfield code="a">PATENT</subfield>
  </datafield>
</record>