
<record>
  <controlfield tag="001">84270</controlfield>
  <controlfield tag="005">20180317095241.0</controlfield>
  <datafield tag="013" ind1=" " ind2=" ">
    <subfield code="a">87-3719055 3719055</subfield>
  </datafield>
  <datafield tag="037" ind1=" " ind2=" ">
    <subfield code="a">PATENT</subfield>
  </datafield>
  <datafield tag="245" ind1=" " ind2=" ">
    <subfield code="a">Preparation of methanolic formaldehyde</subfield>
  </datafield>
  <datafield tag="260" ind1=" " ind2=" ">
    <subfield code="c">1988</subfield>
    <subfield code="b">(Hoechst A.-G., Fed. Rep. Ger.).</subfield>
  </datafield>
  <datafield tag="269" ind1=" " ind2=" ">
    <subfield code="a">1988</subfield>
  </datafield>
  <datafield tag="336" ind1=" " ind2=" ">
    <subfield code="a">Patents</subfield>
  </datafield>
  <datafield tag="500" ind1=" " ind2=" ">
    <subfield code="a">CAN 111:38869</subfield>
  </datafield>
  <datafield tag="500" ind1=" " ind2=" ">
    <subfield code="a">23-14</subfield>
  </datafield>
  <datafield tag="500" ind1=" " ind2=" ">
    <subfield code="a">Aliphatic Compounds</subfield>
  </datafield>
  <datafield tag="500" ind1=" " ind2=" ">
    <subfield code="a">Patent</subfield>
  </datafield>
  <datafield tag="500" ind1=" " ind2=" ">
    <subfield code="a">written in German.</subfield>
  </datafield>
  <datafield tag="500" ind1=" " ind2=" ">
    <subfield code="a">19881215</subfield>
  </datafield>
  <datafield tag="500" ind1=" " ind2=" ">
    <subfield code="a">67-56-1 (Methanol) Role: RCT (Reactant), RACT (Reactant or reagent) (dehydrogenation of, catalytic, formaldehyde from); 50-00-0P (Formaldehyde) Role: SPN (Synthetic preparation), PREP (Preparation) (prepn. of, by catalytic dehydrogenation of methanol)</subfield>
  </datafield>
  <datafield tag="500" ind1=" " ind2=" ">
    <subfield code="a">A1</subfield>
  </datafield>
  <datafield tag="520" ind1=" " ind2=" ">
    <subfield code="a">Methanolic HCHO, essentially H2O-free, is prepd. by dehydrogenation of MeOH over a catalyst contg. >=1 Na compd. at 300-800 Deg. Thus, a mixt. contg. 13% MeOH and 87% N was passed at 700 Deg and 0.154 mol/h over a catalyst prepd. by sintering Na2B4O7 and In(NO3)3 (5.7 parts Na:1 part In) to give 56.5% HCHO. [on SciFinder (R)]</subfield>
  </datafield>
  <datafield tag="653" ind1="1" ind2=" ">
    <subfield code="a">Dehydrogenation catalysts (sodium compds.</subfield>
  </datafield>
  <datafield tag="653" ind1="1" ind2=" ">
    <subfield code="a">for methanol to formaldehyde)</subfield>
  </datafield>
  <datafield tag="653" ind1="1" ind2=" ">
    <subfield code="a">formaldehyde methanolic; methanol dehydrogenation sodium compd catalyst</subfield>
  </datafield>
  <datafield tag="700" ind1=" " ind2=" ">
    <subfield code="a">Renken, Albert</subfield>
    <subfield code="g">106205</subfield>
    <subfield code="0">240078</subfield>
  </datafield>
  <datafield tag="700" ind1=" " ind2=" ">
    <subfield code="a">Meyer, Andreas</subfield>
  </datafield>
  <datafield tag="909" ind1="C" ind2="0">
    <subfield code="p">LGRC</subfield>
    <subfield code="0">252033</subfield>
    <subfield code="x">U10178</subfield>
  </datafield>
  <datafield tag="937" ind1=" " ind2=" ">
    <subfield code="a">LGRC-PATENT-1988-001</subfield>
  </datafield>
  <datafield tag="970" ind1=" " ind2=" ">
    <subfield code="a">35/LGRC</subfield>
  </datafield>
  <datafield tag="973" ind1=" " ind2=" ">
    <subfield code="a">EPFL</subfield>
    <subfield code="s">PUBLISHED</subfield>
  </datafield>
  <datafield tag="980" ind1=" " ind2=" ">
    <subfield code="a">PATENT</subfield>
  </datafield>
</record>