
<record>
  <controlfield tag="001">81447</controlfield>
  <controlfield tag="005">20180127014204.0</controlfield>
  <datafield tag="013" ind1=" " ind2=" ">
    <subfield code="a">1270545</subfield>
  </datafield>
  <datafield tag="037" ind1=" " ind2=" ">
    <subfield code="a">PATENT</subfield>
  </datafield>
  <datafield tag="245" ind1=" " ind2=" ">
    <subfield code="a">Stereoisomer-uniform olefins</subfield>
  </datafield>
  <datafield tag="260" ind1=" " ind2=" ">
    <subfield code="c">1968</subfield>
    <subfield code="b">(Badische Anilin- &amp; Soda-Fabrik AG).</subfield>
  </datafield>
  <datafield tag="269" ind1=" " ind2=" ">
    <subfield code="a">1968</subfield>
  </datafield>
  <datafield tag="336" ind1=" " ind2=" ">
    <subfield code="a">Patents</subfield>
  </datafield>
  <datafield tag="500" ind1=" " ind2=" ">
    <subfield code="a">CAN 69:86586</subfield>
  </datafield>
  <datafield tag="500" ind1=" " ind2=" ">
    <subfield code="a">25</subfield>
  </datafield>
  <datafield tag="500" ind1=" " ind2=" ">
    <subfield code="a">Noncondensed Aromatic Compounds</subfield>
  </datafield>
  <datafield tag="500" ind1=" " ind2=" ">
    <subfield code="a">Patent</subfield>
  </datafield>
  <datafield tag="500" ind1=" " ind2=" ">
    <subfield code="a">written in German.</subfield>
  </datafield>
  <datafield tag="500" ind1=" " ind2=" ">
    <subfield code="a">19680620</subfield>
  </datafield>
  <datafield tag="500" ind1=" " ind2=" ">
    <subfield code="a">103-30-0P; 768-00-3P; 873-66-5P; 1005-64-7P; 6111-82-6P; 13389-42-9P; 14850-23-8P; 15192-80-0P Role: IMF (Industrial manufacture), PREP (Preparation) (manuf. of)</subfield>
  </datafield>
  <datafield tag="520" ind1=" " ind2=" ">
    <subfield code="a">Homogeneous stereoisomeric olefins of the general formula I (R1 and R2 = alkyl, R3 = H and(or) alkyl) were prepd. by reacting a phosphorus ylide (general formula Ar3P+:C-HR) and a carbonyl compd. R2COR3 with stoichiometric amt. of a strong base, followed by addn. of a proton donor to convert the intermediate product into an olefin and triarylphosphine oxide. In a sample, the phosphorus ylide was prepd. by reacting Ph3P+EtCl- with PhLi (1 mole) in a mixt. of ether 3 and tetrahydrofuran 1 part at 0 Deg. The phosphorus ylide was reacted with 1 mole BzH, and the resulting betaine type intermediate was then reacted at -20 Deg with 1 mole PhLi. After .apprx.30 min. the mixt. was dild. with 2 moles tert-BuOH and afterthe addn. of 1.5 moles KOBu-tert stirred at 25 Deg for 1.5 hrs. b-Methylstyrene was isolated in 69% yield having trans to cis ratio 99:1. [on SciFinder (R)]</subfield>
  </datafield>
  <datafield tag="653" ind1="1" ind2=" ">
    <subfield code="a">Olefins Role: PREP (Preparation) (manuf. of trans-)</subfield>
  </datafield>
  <datafield tag="653" ind1="1" ind2=" ">
    <subfield code="a">stereoisomeric olefins via P ylides; ylides P stereoisomeric olefins via; phosphorus ylides cis trans olefins; olefins phosphorus ylides cis trans; cis trans olefins phosphorus ylides; methylstyrenes</subfield>
  </datafield>
  <datafield tag="700" ind1=" " ind2=" ">
    <subfield code="a">Schlosser, Manfred</subfield>
    <subfield code="g">123541</subfield>
    <subfield code="0">240930</subfield>
  </datafield>
  <datafield tag="700" ind1=" " ind2=" ">
    <subfield code="a">Christmann, Karl F.</subfield>
  </datafield>
  <datafield tag="909" ind1="C" ind2="0">
    <subfield code="p">LSCO</subfield>
    <subfield code="0">252181</subfield>
  </datafield>
  <datafield tag="937" ind1=" " ind2=" ">
    <subfield code="a">LSCO-PATENT-1968-002</subfield>
  </datafield>
  <datafield tag="970" ind1=" " ind2=" ">
    <subfield code="a">115/LSCO</subfield>
  </datafield>
  <datafield tag="973" ind1=" " ind2=" ">
    <subfield code="a">EPFL</subfield>
    <subfield code="s">PUBLISHED</subfield>
  </datafield>
  <datafield tag="980" ind1=" " ind2=" ">
    <subfield code="a">PATENT</subfield>
  </datafield>
</record>