
<record>
  <controlfield tag="001">81155</controlfield>
  <controlfield tag="005">20180317094222.0</controlfield>
  <datafield tag="013" ind1=" " ind2=" ">
    <subfield code="a">83-253020 217193</subfield>
  </datafield>
  <datafield tag="037" ind1=" " ind2=" ">
    <subfield code="a">PATENT</subfield>
  </datafield>
  <datafield tag="245" ind1=" " ind2=" ">
    <subfield code="a">Polyelectrolytic flocculant for accelerating solid sedimentation from coal-containing wastewater</subfield>
  </datafield>
  <datafield tag="260" ind1=" " ind2=" ">
    <subfield code="c">1985</subfield>
    <subfield code="b">(VEB Braunkohlenkombinat Senftenberg, Ger. Dem. Rep.).</subfield>
  </datafield>
  <datafield tag="269" ind1=" " ind2=" ">
    <subfield code="a">1985</subfield>
  </datafield>
  <datafield tag="336" ind1=" " ind2=" ">
    <subfield code="a">Patents</subfield>
  </datafield>
  <datafield tag="520" ind1=" " ind2=" ">
    <subfield code="a">Sedimentation of solids is accelerated and complete, resulting in a high-quality effluent, when a 0.1% soln. of equal parts of poly(dimethyl-diallyl-ammonium chloride) cationic flocculant and a nonionic or anionic polyacrylamide is used at a rate of 0.25-4 mL/L wastewater. Thus, briquet manufg. wastewater contg. 5-10 g solids/L was treated with the above mixt. at 0.5 mL/L under turbulent mixing conditions, flocculanted for 15 min and allowed to settle for 30 min, forming a brown coal sludge having >100 g solids/L. The effluent contained &lt;50 mg solids/L. [on SciFinder (R)]</subfield>
  </datafield>
  <datafield tag="700" ind1=" " ind2=" ">
    <subfield code="a">Schoenherr, Dieter</subfield>
  </datafield>
  <datafield tag="700" ind1=" " ind2=" ">
    <subfield code="a">Froemling, Ulrich</subfield>
  </datafield>
  <datafield tag="700" ind1=" " ind2=" ">
    <subfield code="a">Munick, Heinz</subfield>
  </datafield>
  <datafield tag="700" ind1=" " ind2=" ">
    <subfield code="a">Jaeger, Werner</subfield>
  </datafield>
  <datafield tag="700" ind1=" " ind2=" ">
    <subfield code="a">Wandrey, Christine</subfield>
    <subfield code="g">112792</subfield>
    <subfield code="0">241193</subfield>
  </datafield>
  <datafield tag="700" ind1=" " ind2=" ">
    <subfield code="a">Hahn, Mathias</subfield>
  </datafield>
  <datafield tag="700" ind1=" " ind2=" ">
    <subfield code="a">Seehaus, Friedhelm</subfield>
  </datafield>
  <datafield tag="909" ind1="C" ind2="0">
    <subfield code="p">LMRP</subfield>
    <subfield code="0">252196</subfield>
    <subfield code="x">U11032</subfield>
  </datafield>
  <datafield tag="937" ind1=" " ind2=" ">
    <subfield code="a">LMRP-PATENT-1985-001</subfield>
  </datafield>
  <datafield tag="970" ind1=" " ind2=" ">
    <subfield code="a">210/LMRP</subfield>
  </datafield>
  <datafield tag="973" ind1=" " ind2=" ">
    <subfield code="a">EPFL</subfield>
    <subfield code="s">PUBLISHED</subfield>
  </datafield>
  <datafield tag="980" ind1=" " ind2=" ">
    <subfield code="a">PATENT</subfield>
  </datafield>
</record>