
<record>
  <controlfield tag="001">80630</controlfield>
  <controlfield tag="005">20180127014124.0</controlfield>
  <datafield tag="013" ind1=" " ind2=" ">
    <subfield code="a">98-19815901 19815901</subfield>
  </datafield>
  <datafield tag="037" ind1=" " ind2=" ">
    <subfield code="a">PATENT</subfield>
  </datafield>
  <datafield tag="245" ind1=" " ind2=" ">
    <subfield code="a">Method for preparation of pentopyranosyl nucleosides</subfield>
  </datafield>
  <datafield tag="260" ind1=" " ind2=" ">
    <subfield code="c">1999</subfield>
    <subfield code="b">(Aventis Research and Technologies GmbH and Co. KG, Germany).</subfield>
  </datafield>
  <datafield tag="269" ind1=" " ind2=" ">
    <subfield code="a">1999</subfield>
  </datafield>
  <datafield tag="336" ind1=" " ind2=" ">
    <subfield code="a">Patents</subfield>
  </datafield>
  <datafield tag="520" ind1=" " ind2=" ">
    <subfield code="a">Title compds. consisting of ribo-, arabino-, xylo-, or lyxo-pyranoses in place of the usual ribo-furanose, were prepd. and used in solid-phase synthesis to construct (b-D-ribo)-(4'->2')-H-GGGCGGGC-H(I). Thus, 1,2,3,4-tetra-O-benzoyl-a/b-D-ribo-pyranose was substituted at the 1-position with a series of protected nucleoside bases, and the sugar manipulated through a series of steps to give either the 4'-O-dimethoxytrityl-3'-O-benzoyl-2'-O-(allyloxy)(diisopropyl-amino)phosphine compds. suitable for solid-phase synthesis of oligonucleotides, or 2'-O-CO(CH2)5CO2H compds. suitable for attachment to amine-resins to form the initial base of a growing chain. A key step in this synthesis was the simultaneous protection of 3'- and 4'-O by reaction with an aldehyde, ketone, acetal, or ketal protecting group to form cyclic acetals. These intermediates were then used in the construction of I. [on SciFinder (R)]</subfield>
  </datafield>
  <datafield tag="700" ind1=" " ind2=" ">
    <subfield code="a">Eschenmoser, Albert</subfield>
  </datafield>
  <datafield tag="700" ind1=" " ind2=" ">
    <subfield code="a">Pitsch, Stefan</subfield>
    <subfield code="g">145837</subfield>
    <subfield code="0">240732</subfield>
  </datafield>
  <datafield tag="700" ind1=" " ind2=" ">
    <subfield code="a">Wendeborn, Sebastian</subfield>
  </datafield>
  <datafield tag="909" ind1="C" ind2="0">
    <subfield code="p">LCAN</subfield>
    <subfield code="0">252378</subfield>
  </datafield>
  <datafield tag="937" ind1=" " ind2=" ">
    <subfield code="a">LCAN-PATENT-1999-001</subfield>
  </datafield>
  <datafield tag="970" ind1=" " ind2=" ">
    <subfield code="a">28/LCAN</subfield>
  </datafield>
  <datafield tag="973" ind1=" " ind2=" ">
    <subfield code="a">EPFL</subfield>
    <subfield code="s">PUBLISHED</subfield>
  </datafield>
  <datafield tag="980" ind1=" " ind2=" ">
    <subfield code="a">PATENT</subfield>
  </datafield>
</record>