
<record>
  <controlfield tag="001">80298</controlfield>
  <controlfield tag="005">20180317093602.0</controlfield>
  <datafield tag="013" ind1=" " ind2=" ">
    <subfield code="a">91-108878 515718</subfield>
  </datafield>
  <datafield tag="037" ind1=" " ind2=" ">
    <subfield code="a">PATENT</subfield>
  </datafield>
  <datafield tag="245" ind1=" " ind2=" ">
    <subfield code="a">Measurement of cross relaxation rates between selected nucleus pairs in NMR spectroscopy</subfield>
  </datafield>
  <datafield tag="260" ind1=" " ind2=" ">
    <subfield code="c">1992</subfield>
    <subfield code="b">(Spectrospin A.-G., Switz.).</subfield>
  </datafield>
  <datafield tag="269" ind1=" " ind2=" ">
    <subfield code="a">1992</subfield>
  </datafield>
  <datafield tag="336" ind1=" " ind2=" ">
    <subfield code="a">Patents</subfield>
  </datafield>
  <datafield tag="520" ind1=" " ind2=" ">
    <subfield code="a">This method measures cross relaxation rates in highly resolving NMR spectroscopy, where the sample substance is dissolved in a liq. and has nuclei A and X which have different chem. shifts WA and WX in a homogeneous static magnetic field Bo in the direction of the z-axis. The orientation of the longitudinal components I2A and I2X bring about the magnetization vectors IA and IX of the nuclei A and X during a time interval tan and irradn. with a constructed high-frequency field. Subsequently a longitudinal magnetization is conducted through a suitable high-frequency pulse sequence in a transverse magnetization which produces a high-frequency signal which is sensed by a detector. The constructed high-frequency field is formed from >=2 weak selective partial fields which have selected frequencies such that the magnetization vectors IA and IX are mixed in a synchronous mutation motion for all remaining nuclear spin remaining unaffected for the sample substance. Through the difference of the decay rates, the cross relaxation rates are detd. and from this the internuclear distance between the chosen nuclei. [on SciFinder (R)]</subfield>
  </datafield>
  <datafield tag="700" ind1=" " ind2=" ">
    <subfield code="a">Bodenhausen, Geoffrey</subfield>
    <subfield code="g">122795</subfield>
    <subfield code="0">243177</subfield>
  </datafield>
  <datafield tag="700" ind1=" " ind2=" ">
    <subfield code="a">Burghardt, Irene</subfield>
  </datafield>
  <datafield tag="700" ind1=" " ind2=" ">
    <subfield code="a">Konrat, Robert</subfield>
  </datafield>
  <datafield tag="700" ind1=" " ind2=" ">
    <subfield code="a">Vincent, Sebastien</subfield>
  </datafield>
  <datafield tag="909" ind1="C" ind2="O">
    <subfield code="o">oai:infoscience.tind.io:80298</subfield>
    <subfield code="p">SB</subfield>
  </datafield>
  <datafield tag="909" ind1="C" ind2="0">
    <subfield code="p">LRMB</subfield>
    <subfield code="0">252152</subfield>
    <subfield code="x">U10098</subfield>
  </datafield>
  <datafield tag="937" ind1=" " ind2=" ">
    <subfield code="a">LRMB-PATENT-1992-001</subfield>
  </datafield>
  <datafield tag="970" ind1=" " ind2=" ">
    <subfield code="a">132/LRMB</subfield>
  </datafield>
  <datafield tag="973" ind1=" " ind2=" ">
    <subfield code="a">EPFL</subfield>
    <subfield code="s">PUBLISHED</subfield>
  </datafield>
  <datafield tag="980" ind1=" " ind2=" ">
    <subfield code="a">PATENT</subfield>
  </datafield>
</record>