
<record>
  <controlfield tag="001">232625</controlfield>
  <controlfield tag="005">20181106152819.0</controlfield>
  <datafield tag="013" ind1=" " ind2=" ">
    <subfield code="a">US20140334764</subfield>
    <subfield code="c">A1</subfield>
    <subfield code="b">US</subfield>
  </datafield>
  <datafield tag="037" ind1=" " ind2=" ">
    <subfield code="a">PATENT</subfield>
  </datafield>
  <datafield tag="245" ind1=" " ind2=" ">
    <subfield code="a">Broadband optical isolator using phase modulators and mach-zehnder interferometers</subfield>
  </datafield>
  <datafield tag="260" ind1=" " ind2=" ">
    <subfield code="c">2014</subfield>
  </datafield>
  <datafield tag="269" ind1=" " ind2=" ">
    <subfield code="a">2014</subfield>
  </datafield>
  <datafield tag="336" ind1=" " ind2=" ">
    <subfield code="a">Patents</subfield>
  </datafield>
  <datafield tag="520" ind1=" " ind2=" ">
    <subfield code="a">Optical devices that do not employ magneto-optics materials or non-linear effects to achieve non-reciprocal light propagation. The optical devices are compatible with the fabrication of monolithic photonic integrated circuits such as silicon-on-insulator planar lightwave circuits. In particular the devices use demonstrated passive (beam-splitters, waveguides) and active (phase modulators) components to achieve non-reciprocal light propagation. The devices can be used as non-reciprocal optical modulators or optical isolators when driven by a periodic radio frequency (RF) electric source.</subfield>
  </datafield>
  <datafield tag="700" ind1=" " ind2=" ">
    <subfield code="a">Galland, Christophe</subfield>
    <subfield code="g">172230</subfield>
    <subfield code="0">247423</subfield>
  </datafield>
  <datafield tag="700" ind1=" " ind2=" ">
    <subfield code="a">Baehr-Jones, Thomas</subfield>
  </datafield>
  <datafield tag="909" ind1="C" ind2="O">
    <subfield code="o">oai:infoscience.tind.io:232625</subfield>
    <subfield code="p">SB</subfield>
  </datafield>
  <datafield tag="909" ind1="C" ind2="0">
    <subfield code="p">LQNO</subfield>
    <subfield code="0">252619</subfield>
    <subfield code="x">U13462</subfield>
  </datafield>
  <datafield tag="917" ind1="Z" ind2="8">
    <subfield code="x">173008</subfield>
  </datafield>
  <datafield tag="917" ind1="Z" ind2="8">
    <subfield code="x">173008</subfield>
  </datafield>
  <datafield tag="937" ind1=" " ind2=" ">
    <subfield code="a">EPFL-PATENT-232625</subfield>
  </datafield>
  <datafield tag="973" ind1=" " ind2=" ">
    <subfield code="a">OTHER</subfield>
  </datafield>
  <datafield tag="980" ind1=" " ind2=" ">
    <subfield code="a">PATENT</subfield>
  </datafield>
</record>