
<record>
  <controlfield tag="001">228363</controlfield>
  <controlfield tag="005">20180317092336.0</controlfield>
  <datafield tag="013" ind1=" " ind2=" ">
    <subfield code="a">US2017177750</subfield>
    <subfield code="c">A1</subfield>
    <subfield code="b">US</subfield>
    <subfield code="d">20170622</subfield>
  </datafield>
  <datafield tag="013" ind1=" " ind2=" ">
    <subfield code="a">WO2015124963</subfield>
    <subfield code="c">A1</subfield>
    <subfield code="b">WO</subfield>
    <subfield code="d">20150827</subfield>
  </datafield>
  <datafield tag="024" ind1="7" ind2="0">
    <subfield code="a">50349666</subfield>
    <subfield code="2">EPO Family ID</subfield>
  </datafield>
  <datafield tag="024" ind1="7" ind2="0">
    <subfield code="a">6.1340</subfield>
    <subfield code="2">TTO</subfield>
  </datafield>
  <datafield tag="037" ind1=" " ind2=" ">
    <subfield code="a">PATENT</subfield>
  </datafield>
  <datafield tag="245" ind1=" " ind2=" ">
    <subfield code="a">Majority logic synthesis</subfield>
  </datafield>
  <datafield tag="260" ind1=" " ind2=" ">
    <subfield code="c">2015</subfield>
  </datafield>
  <datafield tag="269" ind1=" " ind2=" ">
    <subfield code="a">2015</subfield>
  </datafield>
  <datafield tag="336" ind1=" " ind2=" ">
    <subfield code="a">Patents</subfield>
  </datafield>
  <datafield tag="520" ind1=" " ind2=" ">
    <subfield code="a">A method for optimizing an implementation of a logic circuit, comprising steps of providing an interpretation of the logic circuit in terms of 3 Boolean variable majority operators M, with each of the majority operators being a function of a plurality of variables that returns a logic value assumed by more than half of the plurality of variables, and a single Boolean variable complementation operator '. The method further comprises providing a commutativity, a majority (Ω.M), an associativity (Ω.A), a distributivity (Ω.D), an inverter propagation (Ω.I), a relevance (Ψ.R), a complementary associativity (Ψ.C), and a substitution (Ψ.S) transformation; and combining the Ω.M, Ω.C, Ω.A, Ω.D, Ω.I, Ψ.R, Ψ.C and Ψ.S transformations to reduce an area of the logic circuit via (i) a reshaping procedure consisting of the Ω.A, Ω.C, Ω.D, Ω.I, Ψ.R, Ψ.S and Ψ.C transformations, applied either left-to-right or right-to-left moving identical or complemented variables in neighbor locations of the logic circuit, (ii) an elimination procedure consisting of the Ω.M transformation, applied left- to-right, and the Ω.D transformation, applied right-to-left, that simplify redundant operators, or (iii) an iteration of steps (i) and (ii) till a reduction in area is achieved.</subfield>
  </datafield>
  <datafield tag="700" ind1=" " ind2=" ">
    <subfield code="a">Gaillardon, Pierre-emmanuel Julien Marc</subfield>
  </datafield>
  <datafield tag="700" ind1=" " ind2=" ">
    <subfield code="a">Amarù, Luca Gaetano</subfield>
  </datafield>
  <datafield tag="700" ind1=" " ind2=" ">
    <subfield code="a">De Micheli, Giovanni</subfield>
  </datafield>
  <datafield tag="909" ind1="C" ind2="0">
    <subfield code="p">TTO</subfield>
    <subfield code="0">252085</subfield>
    <subfield code="x">U10021</subfield>
  </datafield>
  <datafield tag="937" ind1=" " ind2=" ">
    <subfield code="a">EPFL-PATENT-228363</subfield>
  </datafield>
  <datafield tag="973" ind1=" " ind2=" ">
    <subfield code="a">EPFL</subfield>
  </datafield>
  <datafield tag="980" ind1=" " ind2=" ">
    <subfield code="a">PATENT</subfield>
  </datafield>
</record>