
<record>
  <controlfield tag="001">228179</controlfield>
  <controlfield tag="005">20190317000708.0</controlfield>
  <datafield tag="013" ind1=" " ind2=" ">
    <subfield code="a">US2017307474</subfield>
    <subfield code="c">A1</subfield>
    <subfield code="b">US</subfield>
    <subfield code="d">20171026</subfield>
  </datafield>
  <datafield tag="013" ind1=" " ind2=" ">
    <subfield code="a">EP3194923</subfield>
    <subfield code="c">A1</subfield>
    <subfield code="b">EP</subfield>
    <subfield code="d">20170726</subfield>
  </datafield>
  <datafield tag="013" ind1=" " ind2=" ">
    <subfield code="a">WO2016042507</subfield>
    <subfield code="c">A1</subfield>
    <subfield code="b">WO</subfield>
    <subfield code="d">20160324</subfield>
  </datafield>
  <datafield tag="024" ind1="7" ind2="0">
    <subfield code="a">54365328</subfield>
    <subfield code="2">EPO Family ID</subfield>
  </datafield>
  <datafield tag="024" ind1="7" ind2="0">
    <subfield code="a">6.1417</subfield>
    <subfield code="2">TTO</subfield>
  </datafield>
  <datafield tag="037" ind1=" " ind2=" ">
    <subfield code="a">PATENT</subfield>
  </datafield>
  <datafield tag="245" ind1=" " ind2=" ">
    <subfield code="a">Method and apparatus for measuring the local birefingence along an optical waveguide</subfield>
  </datafield>
  <datafield tag="260" ind1=" " ind2=" ">
    <subfield code="c">2016</subfield>
  </datafield>
  <datafield tag="269" ind1=" " ind2=" ">
    <subfield code="a">2016</subfield>
  </datafield>
  <datafield tag="336" ind1=" " ind2=" ">
    <subfield code="a">Patents</subfield>
  </datafield>
  <datafield tag="500" ind1=" " ind2=" ">
    <subfield code="a">Priority data: PCT/IB2014/064598 17.09.2014 IB</subfield>
  </datafield>
  <datafield tag="520" ind1=" " ind2=" ">
    <subfield code="a">This invention relates to a system and method to determine the distributed birefringence profile along an optical fibre. Birefringence manifests as different refractive indices for two orthogonal states of polarization of the light propagating in the optical fibre. The technique is based on the correlation among sets of measurements acquired using phase‐sensitive optical time‐domain reflectometry (ϕOTDR), launching light into the fibre with multiple states of polarization. The correlation between the measurements performed while sweeping the laser frequency gives a resonance (correlation) peak at a frequency detuning that is proportional to the refractive index difference between the two orthogonal polarizations. This enables measurements of the local value of the phase birefringence at any position along the optical fibre, so that longitudinal fluctuations of its value can be evaluated. Such fluctuations can be induced either accidentally during cabling and installation processes, or voluntarily due to varying conditions or environmental quantities such as temperature, strain and pressure, or even unintentionally as a result of a badly controlled manufacturing process.</subfield>
  </datafield>
  <datafield tag="700" ind1=" " ind2=" ">
    <subfield code="a">Thevenaz, Luc</subfield>
    <subfield code="g">106544</subfield>
    <subfield code="0">240503</subfield>
  </datafield>
  <datafield tag="700" ind1=" " ind2=" ">
    <subfield code="a">Gonzalez Herraez, Miguel</subfield>
  </datafield>
  <datafield tag="700" ind1=" " ind2=" ">
    <subfield code="a">Soto Hernandez, Marcelo Alfonso</subfield>
    <subfield code="g">195294</subfield>
    <subfield code="0">247069</subfield>
  </datafield>
  <datafield tag="700" ind1=" " ind2=" ">
    <subfield code="a">Martins, Hugo Fidalgo</subfield>
  </datafield>
  <datafield tag="700" ind1=" " ind2=" ">
    <subfield code="a">Lu, Xin</subfield>
  </datafield>
  <datafield tag="856" ind1="4" ind2=" ">
    <subfield code="y">Publisher's version</subfield>
    <subfield code="s">2382256</subfield>
    <subfield code="z">Publisher's version</subfield>
    <subfield code="u">http://infoscience.epfl.ch/record/228179/files/P2808PC00%20Publication%20WO2016042507.pdf</subfield>
  </datafield>
  <datafield tag="909" ind1="C" ind2="0">
    <subfield code="p">SCI-STI-LT</subfield>
    <subfield code="0">252591</subfield>
    <subfield code="x">U12146</subfield>
  </datafield>
  <datafield tag="909" ind1="C" ind2="O">
    <subfield code="o">oai:infoscience.tind.io:228179</subfield>
    <subfield code="p">STI</subfield>
    <subfield code="q">GLOBAL_SET</subfield>
  </datafield>
  <datafield tag="917" ind1="Z" ind2="8">
    <subfield code="x">106544</subfield>
  </datafield>
  <datafield tag="917" ind1="Z" ind2="8">
    <subfield code="x">144315</subfield>
  </datafield>
  <datafield tag="937" ind1=" " ind2=" ">
    <subfield code="a">EPFL-PATENT-228179</subfield>
  </datafield>
  <datafield tag="973" ind1=" " ind2=" ">
    <subfield code="a">EPFL</subfield>
  </datafield>
  <datafield tag="980" ind1=" " ind2=" ">
    <subfield code="a">PATENT</subfield>
  </datafield>
</record>