
<record>
  <controlfield tag="001">228122</controlfield>
  <controlfield tag="005">20180913064326.0</controlfield>
  <datafield tag="013" ind1=" " ind2=" ">
    <subfield code="a">WO2016174612</subfield>
    <subfield code="c">A1</subfield>
    <subfield code="b">WO</subfield>
    <subfield code="d">20161103</subfield>
  </datafield>
  <datafield tag="024" ind1="7" ind2="0">
    <subfield code="a">56097169</subfield>
    <subfield code="2">EPO Family ID</subfield>
  </datafield>
  <datafield tag="024" ind1="7" ind2="0">
    <subfield code="a">6.1497</subfield>
    <subfield code="2">TTO</subfield>
  </datafield>
  <datafield tag="037" ind1=" " ind2=" ">
    <subfield code="a">PATENT</subfield>
  </datafield>
  <datafield tag="245" ind1=" " ind2=" ">
    <subfield code="a">High precision trajectory and speed sensor and measuring method</subfield>
  </datafield>
  <datafield tag="260" ind1=" " ind2=" ">
    <subfield code="c">2016</subfield>
  </datafield>
  <datafield tag="269" ind1=" " ind2=" ">
    <subfield code="a">2016</subfield>
  </datafield>
  <datafield tag="336" ind1=" " ind2=" ">
    <subfield code="a">Patents</subfield>
  </datafield>
  <datafield tag="520" ind1=" " ind2=" ">
    <subfield code="a">A method for contactlessly determining an exact passage of an athlete at points placed along a track in sports, wherein the method comprises gearing the athlete with a wearable magnetometer sensor unit, whereby the magnetometer sensor unit is equipped with at least a magnetic sensor, a processing unit, and a storage medium; placing at each point at least a permanent magnet in proximity of a track surface of the track. When the athlete moves along the track, the method further comprises recording at the magnetic sensor a signal; detecting for each permanent magnet a disturbance of a local magnetic field generated by the permanent magnet in the recorded signal and measuring the disturbance; mapping of the measured disturbance to a movement speed of the athlete and a distance of the athlete to the magnet corresponding to the local magnetic field; and correcting the movement speed and the distance for a time offset between the magnet passage of an athlete's center of mass and the magnetometer sensor unit.</subfield>
  </datafield>
  <datafield tag="700" ind1=" " ind2=" ">
    <subfield code="a">Fasel, Benedikt</subfield>
    <subfield code="g">178307</subfield>
    <subfield code="0">247213</subfield>
  </datafield>
  <datafield tag="700" ind1=" " ind2=" ">
    <subfield code="a">Aminian, Kamiar</subfield>
    <subfield code="g">104385</subfield>
    <subfield code="0">240167</subfield>
  </datafield>
  <datafield tag="909" ind1="C" ind2="0">
    <subfield code="p">TTO</subfield>
    <subfield code="0">252085</subfield>
    <subfield code="x">U10021</subfield>
  </datafield>
  <datafield tag="909" ind1="C" ind2="0">
    <subfield code="p">LMAM</subfield>
    <subfield code="0">252052</subfield>
    <subfield code="x">U10303</subfield>
  </datafield>
  <datafield tag="909" ind1="C" ind2="O">
    <subfield code="o">oai:infoscience.tind.io:228122</subfield>
    <subfield code="p">STI</subfield>
  </datafield>
  <datafield tag="917" ind1="Z" ind2="8">
    <subfield code="x">104385</subfield>
  </datafield>
  <datafield tag="937" ind1=" " ind2=" ">
    <subfield code="a">EPFL-PATENT-228122</subfield>
  </datafield>
  <datafield tag="973" ind1=" " ind2=" ">
    <subfield code="a">EPFL</subfield>
  </datafield>
  <datafield tag="980" ind1=" " ind2=" ">
    <subfield code="a">PATENT</subfield>
  </datafield>
</record>