
<record>
  <controlfield tag="001">224677</controlfield>
  <controlfield tag="005">20180913064126.0</controlfield>
  <datafield tag="013" ind1=" " ind2=" ">
    <subfield code="a">US2013194048</subfield>
    <subfield code="c">A1</subfield>
    <subfield code="b">US</subfield>
    <subfield code="d">20130801</subfield>
  </datafield>
  <datafield tag="024" ind1="7" ind2="0">
    <subfield code="a">47601554</subfield>
    <subfield code="2">EPO Family ID</subfield>
  </datafield>
  <datafield tag="037" ind1=" " ind2=" ">
    <subfield code="a">PATENT</subfield>
  </datafield>
  <datafield tag="245" ind1=" " ind2=" ">
    <subfield code="a">Electromechanical oscillators, parametric oscillators, and torsional resonators based on piezoresistive nanowires</subfield>
  </datafield>
  <datafield tag="260" ind1=" " ind2=" ">
    <subfield code="c">2013</subfield>
  </datafield>
  <datafield tag="269" ind1=" " ind2=" ">
    <subfield code="a">2013</subfield>
  </datafield>
  <datafield tag="336" ind1=" " ind2=" ">
    <subfield code="a">Patents</subfield>
  </datafield>
  <datafield tag="520" ind1=" " ind2=" ">
    <subfield code="a">Doubly-clamped nanowire electromechanical resonators that can be used to generate parametric oscillations and feedback self-sustained oscillations. The nanowire electromechanical resonators can be made using conventional NEMS and CMOS fabrication methods. In very thin nanowire structures (sub-micron-meter in width), additive piezoresistance patterning and fabrication can be highly difficult and thus need to be avoided. This invention shows that, in piezoresistive nanowires with homogeneous material composition and symmetric structures, no conventional and additive piezoresistance loops are needed. Using AC and DC drive signals, and bias signals of controlled frequency and amplitude, output signals having a variety of frequencies can be obtained. Various examples of such resonators and their theory of operation are described.</subfield>
  </datafield>
  <datafield tag="700" ind1=" " ind2=" ">
    <subfield code="a">Feng, Philip X.-l</subfield>
  </datafield>
  <datafield tag="700" ind1=" " ind2=" ">
    <subfield code="a">Villanueva, Guillermo</subfield>
    <subfield code="g">176631</subfield>
    <subfield code="0">240380</subfield>
  </datafield>
  <datafield tag="700" ind1=" " ind2=" ">
    <subfield code="a">Roukes, Michael L</subfield>
  </datafield>
  <datafield tag="909" ind1="C" ind2="0">
    <subfield code="p">NEMS</subfield>
    <subfield code="0">252546</subfield>
    <subfield code="x">U12739</subfield>
  </datafield>
  <datafield tag="909" ind1="C" ind2="O">
    <subfield code="o">oai:infoscience.tind.io:224677</subfield>
    <subfield code="p">STI</subfield>
  </datafield>
  <datafield tag="917" ind1="Z" ind2="8">
    <subfield code="x">176631</subfield>
  </datafield>
  <datafield tag="917" ind1="Z" ind2="8">
    <subfield code="x">176631</subfield>
  </datafield>
  <datafield tag="937" ind1=" " ind2=" ">
    <subfield code="a">EPFL-PATENT-224677</subfield>
  </datafield>
  <datafield tag="973" ind1=" " ind2=" ">
    <subfield code="a">OTHER</subfield>
  </datafield>
  <datafield tag="980" ind1=" " ind2=" ">
    <subfield code="a">PATENT</subfield>
  </datafield>
</record>