
<record>
  <controlfield tag="001">223906</controlfield>
  <controlfield tag="005">20190125125155.0</controlfield>
  <datafield tag="013" ind1=" " ind2=" ">
    <subfield code="a">WO2013098079</subfield>
    <subfield code="b">WO</subfield>
  </datafield>
  <datafield tag="013" ind1=" " ind2=" ">
    <subfield code="a">EP2610875</subfield>
    <subfield code="b">EP</subfield>
  </datafield>
  <datafield tag="024" ind1="7" ind2="0">
    <subfield code="a">47458915</subfield>
    <subfield code="2">EPO Family ID</subfield>
  </datafield>
  <datafield tag="037" ind1=" " ind2=" ">
    <subfield code="a">PATENT</subfield>
  </datafield>
  <datafield tag="245" ind1=" " ind2=" ">
    <subfield code="a">A wrapper tube for a fuel subassembly of a nuclear reactor core and method for protecting fuel against overheating in case of coolant boiling</subfield>
  </datafield>
  <datafield tag="260" ind1=" " ind2=" ">
    <subfield code="c">2013</subfield>
  </datafield>
  <datafield tag="269" ind1=" " ind2=" ">
    <subfield code="a">2013</subfield>
  </datafield>
  <datafield tag="336" ind1=" " ind2=" ">
    <subfield code="a">Patents</subfield>
  </datafield>
  <datafield tag="520" ind1=" " ind2=" ">
    <subfield code="a">he present invention discloses an innovative design of the sodium-cooled fast reactor subassembly wrapper tube (Figure 1 (b)) and a method for protecting the sodium-cooled fast reactor core against overheating and melting in case of the accidents accompanied by a sodium boiling. More generally, the invention is considered to be valuable in any field of technology where a heat generating fuel, heater or the like need to be cooled sufficiently to prevent the resources involved from damage caused by overheating and/or melting. The innovation of the wrapper tube design compared to the traditional wrapper tube design of a sodium-cooled fast reactor fuel subassembly (Figure 1 (a)) consists in an introduction of openings (5). The openings are made in all faces of the wrapper tubes of all fuel subassemblies at the same axial location. The goal of the openings (5) is to provide the sodium flow bypath between the neighbouring subassemblies, in the case when the sodium vapour obstructs or fully blocks the liquid sodium flow at the top of the fuel subassembly (i.e. above the axial level of the openings). Due to this bypath, the sodium flow rate at the inlet of the subassembly, where the boiling occurs, does not significantly drop (Figure 2 (b)). As a result, the sodium vapour does not propagate downwards to the core centre, where the void reactivity coefficient is positive, but rather in radial direction from one channel to another, being always kept in the region of low or even negative void reactivity coefficient. Moreover, the availability of the sodium flow rate through the subassembly, where boiling occurs, is beneficial for preventing the cladding dryout, because a part of sodium will flow through the boiling region in the form of a liquid film on the surface of the claddings.</subfield>
  </datafield>
  <datafield tag="700" ind1=" " ind2=" ">
    <subfield code="a">Mikityuk, Konstantin</subfield>
  </datafield>
  <datafield tag="700" ind1=" " ind2=" ">
    <subfield code="a">Chenu, Aurelia</subfield>
  </datafield>
  <datafield tag="700" ind1=" " ind2=" ">
    <subfield code="a">Sun, Kaichao</subfield>
  </datafield>
  <datafield tag="856" ind1="0" ind2=" ">
    <subfield code="f">nada.guerraoui@epfl.ch</subfield>
  </datafield>
  <datafield tag="909" ind1="C" ind2="0">
    <subfield code="p">LRS</subfield>
    <subfield code="0">252305</subfield>
    <subfield code="x">U10135</subfield>
  </datafield>
  <datafield tag="909" ind1="C" ind2="O">
    <subfield code="o">oai:infoscience.epfl.ch:223906</subfield>
    <subfield code="p">SB</subfield>
  </datafield>
  <datafield tag="917" ind1="Z" ind2="8">
    <subfield code="x">218030</subfield>
  </datafield>
  <datafield tag="937" ind1=" " ind2=" ">
    <subfield code="a">EPFL-PATENT-223906</subfield>
  </datafield>
  <datafield tag="973" ind1=" " ind2=" ">
    <subfield code="a">OTHER</subfield>
  </datafield>
  <datafield tag="980" ind1=" " ind2=" ">
    <subfield code="a">PATENT</subfield>
  </datafield>
</record>