
<record>
  <controlfield tag="001">211804</controlfield>
  <controlfield tag="005">20181221101953.0</controlfield>
  <datafield tag="013" ind1=" " ind2=" ">
    <subfield code="a">US7799524</subfield>
    <subfield code="c">B2</subfield>
    <subfield code="b">US</subfield>
    <subfield code="d">20100921</subfield>
  </datafield>
  <datafield tag="013" ind1=" " ind2=" ">
    <subfield code="a">NZ538986</subfield>
    <subfield code="c">A</subfield>
    <subfield code="b">NZ</subfield>
    <subfield code="d">20060630</subfield>
  </datafield>
  <datafield tag="013" ind1=" " ind2=" ">
    <subfield code="a">ZA200502210</subfield>
    <subfield code="c">B</subfield>
    <subfield code="b">ZA</subfield>
    <subfield code="d">20060222</subfield>
  </datafield>
  <datafield tag="013" ind1=" " ind2=" ">
    <subfield code="a">US2006024775</subfield>
    <subfield code="c">A1</subfield>
    <subfield code="b">US</subfield>
    <subfield code="d">20060202</subfield>
  </datafield>
  <datafield tag="013" ind1=" " ind2=" ">
    <subfield code="a">EP1546371</subfield>
    <subfield code="c">A1</subfield>
    <subfield code="b">EP</subfield>
    <subfield code="d">20050629</subfield>
  </datafield>
  <datafield tag="013" ind1=" " ind2=" ">
    <subfield code="a">KR20050062588</subfield>
    <subfield code="c">A</subfield>
    <subfield code="b">KR</subfield>
    <subfield code="d">20050623</subfield>
  </datafield>
  <datafield tag="013" ind1=" " ind2=" ">
    <subfield code="a">AU2003271669</subfield>
    <subfield code="c">A1</subfield>
    <subfield code="b">AU</subfield>
    <subfield code="d">20040423</subfield>
  </datafield>
  <datafield tag="013" ind1=" " ind2=" ">
    <subfield code="a">CA2501063</subfield>
    <subfield code="c">A1</subfield>
    <subfield code="b">CA</subfield>
    <subfield code="d">20040415</subfield>
  </datafield>
  <datafield tag="013" ind1=" " ind2=" ">
    <subfield code="a">WO2004031405</subfield>
    <subfield code="c">A1</subfield>
    <subfield code="b">WO</subfield>
    <subfield code="d">20040415</subfield>
  </datafield>
  <datafield tag="024" ind1="7" ind2="0">
    <subfield code="a">6.0327</subfield>
    <subfield code="2">TTO</subfield>
  </datafield>
  <datafield tag="024" ind1="7" ind2="0">
    <subfield code="a">32050142</subfield>
    <subfield code="2">EPO Family ID</subfield>
  </datafield>
  <datafield tag="037" ind1=" " ind2=" ">
    <subfield code="a">PATENT</subfield>
  </datafield>
  <datafield tag="245" ind1=" " ind2=" ">
    <subfield code="a">Substrates for o&lt;6>-alkylguanine-dna alkyltransferase</subfield>
  </datafield>
  <datafield tag="260" ind1=" " ind2=" ">
    <subfield code="c">2004</subfield>
  </datafield>
  <datafield tag="269" ind1=" " ind2=" ">
    <subfield code="a">2004</subfield>
  </datafield>
  <datafield tag="336" ind1=" " ind2=" ">
    <subfield code="a">Patents</subfield>
  </datafield>
  <datafield tag="520" ind1=" " ind2=" ">
    <subfield code="a">The present invention relates to methods of transferring a label from novel substrates to O&lt;6>-alkylguanine-DNA alkyltransferases (AGT) and O&lt;6>-alkylguanine-DNA alkyltransferase fusion proteins, and to novel substrates suitable in such methods. Proteins of interest are incorporated into an AGT fusion protein, the AGT fusion protein is contacted with particular AGT substrates carrying a label, and the AGT fusion protein is detected and optionally further manipulated using the label in a system designed for recognising and/or handling the label. The particular AGT substrates used in the method of the invention are O&lt;6>-substituted guanine derivatives or related nitrogen containing hydroxy-heterocycles and their sulfur analogs wherein the O&lt;6>-substituent is an activated methyl derivative suitable for transfer from guanine or the corresponding heterocycle to AGT, and further carrying a label or a plurality of same or different labels. The invention relates also to the novel AGT substrates as such, to methods of manufacture of such novel substrates, and to intermediates useful in the synthesis of such novel AGT substrates.</subfield>
  </datafield>
  <datafield tag="700" ind1=" " ind2=" ">
    <subfield code="a">Kindermann, Maik</subfield>
    <subfield code="g">148617</subfield>
    <subfield code="0">241538</subfield>
  </datafield>
  <datafield tag="700" ind1=" " ind2=" ">
    <subfield code="a">Johnsson, Kai</subfield>
    <subfield code="g">123155</subfield>
    <subfield code="0">240057</subfield>
  </datafield>
  <datafield tag="700" ind1=" " ind2=" ">
    <subfield code="a">Bieri, Christoph</subfield>
  </datafield>
  <datafield tag="909" ind1="C" ind2="0">
    <subfield code="p">LIP</subfield>
    <subfield code="0">252027</subfield>
    <subfield code="x">U10102</subfield>
  </datafield>
  <datafield tag="909" ind1="C" ind2="0">
    <subfield code="p">TTO</subfield>
    <subfield code="0">252085</subfield>
    <subfield code="x">U10021</subfield>
  </datafield>
  <datafield tag="909" ind1="C" ind2="O">
    <subfield code="o">oai:infoscience.tind.io:211804</subfield>
    <subfield code="p">SB</subfield>
  </datafield>
  <datafield tag="917" ind1="Z" ind2="8">
    <subfield code="x">105423</subfield>
  </datafield>
  <datafield tag="937" ind1=" " ind2=" ">
    <subfield code="a">EPFL-PATENT-211804</subfield>
  </datafield>
  <datafield tag="973" ind1=" " ind2=" ">
    <subfield code="a">EPFL</subfield>
  </datafield>
  <datafield tag="980" ind1=" " ind2=" ">
    <subfield code="a">PATENT</subfield>
  </datafield>
</record>