
<record>
  <controlfield tag="001">211632</controlfield>
  <controlfield tag="005">20181221101952.0</controlfield>
  <datafield tag="013" ind1=" " ind2=" ">
    <subfield code="a">US2008030845</subfield>
    <subfield code="c">A1</subfield>
    <subfield code="b">US</subfield>
    <subfield code="d">20080207</subfield>
  </datafield>
  <datafield tag="013" ind1=" " ind2=" ">
    <subfield code="a">WO2006042797</subfield>
    <subfield code="c">A1</subfield>
    <subfield code="b">WO</subfield>
    <subfield code="d">20060427</subfield>
  </datafield>
  <datafield tag="013" ind1=" " ind2=" ">
    <subfield code="a">EP1648058</subfield>
    <subfield code="c">A1</subfield>
    <subfield code="b">EP</subfield>
    <subfield code="d">20060419</subfield>
  </datafield>
  <datafield tag="024" ind1="7" ind2="0">
    <subfield code="a">6.0484</subfield>
    <subfield code="2">TTO</subfield>
  </datafield>
  <datafield tag="024" ind1="7" ind2="0">
    <subfield code="a">34932325</subfield>
    <subfield code="2">EPO Family ID</subfield>
  </datafield>
  <datafield tag="037" ind1=" " ind2=" ">
    <subfield code="a">PATENT</subfield>
  </datafield>
  <datafield tag="245" ind1=" " ind2=" ">
    <subfield code="a">An integrated holding-beam-at-transparency (hbat) configuration for semiconductor optical amplification or emission</subfield>
  </datafield>
  <datafield tag="260" ind1=" " ind2=" ">
    <subfield code="c">2006</subfield>
  </datafield>
  <datafield tag="269" ind1=" " ind2=" ">
    <subfield code="a">2006</subfield>
  </datafield>
  <datafield tag="336" ind1=" " ind2=" ">
    <subfield code="a">Patents</subfield>
  </datafield>
  <datafield tag="520" ind1=" " ind2=" ">
    <subfield code="a">An optical device for amplifying or emitting an optical beam of given wavelength comprises an optical source (20) in combination with a primary optical device (10) which is a semiconductor optical amplifier (SOA), a gain-clamped semiconductor optical amplifier (GCSOA), a sub-threshold gain-clamped semiconductor optical amplifier (SGCSOA), a laser diode (LD) or a superluminescent LED (SLED). The primary optical device (10) delivers an output signal of given wavelength called the signal beam and optionally receives an input beam at the same wavelength as the signal beam. Operation of the primary optical device (10) is assisted by a holding beam supplied by the optical source (20). The holding beam is of smaller wavelength than the signal beam, the holding beam wavelength being tuned close to the transparency wavelength of the primary optical device to provide a holding beam at transparency (HBAT) mode. The signal beam and the holding beam are collinear within the primary optical device (10) and within the optical source (20). The optical source and the SOA, GCSOA, SGCSOA or LD are integrated in a single semiconductor chip preferably in an in-line configuration. The optical source is transparent at the signal wavelength in the SOA, GCSOA, SGCSOA, LD or SLED. The inventive integrated HBAT configurations allow extremely fast, high-gain and low noise operation of the SOA's, GCSOA's or SGCSOA's. They are well-suited for high-power, low noise and high speed WDM applications. The inventive integrated HBAT scheme for LD's provides laser sources with damped relaxation oscillations. Such devices, under fast direct modulation, are suitable sources for the access and metro telecommunication network.</subfield>
  </datafield>
  <datafield tag="700" ind1=" " ind2=" ">
    <subfield code="a">Dupertuis, Marc-andre</subfield>
    <subfield code="g">105021</subfield>
    <subfield code="0">240820</subfield>
  </datafield>
  <datafield tag="700" ind1=" " ind2=" ">
    <subfield code="a">Crottini, Andrea</subfield>
    <subfield code="g">111756</subfield>
    <subfield code="0">240826</subfield>
  </datafield>
  <datafield tag="700" ind1=" " ind2=" ">
    <subfield code="a">Salleras, Vila</subfield>
    <subfield code="g">139518</subfield>
    <subfield code="0">241443</subfield>
  </datafield>
  <datafield tag="700" ind1=" " ind2=" ">
    <subfield code="a">Deveaud-pledran, Benoit</subfield>
    <subfield code="g">104954</subfield>
    <subfield code="0">241178</subfield>
  </datafield>
  <datafield tag="909" ind1="C" ind2="0">
    <subfield code="p">LOEQ</subfield>
    <subfield code="0">252003</subfield>
    <subfield code="x">U10156</subfield>
  </datafield>
  <datafield tag="909" ind1="C" ind2="0">
    <subfield code="p">TTO</subfield>
    <subfield code="0">252085</subfield>
    <subfield code="x">U10021</subfield>
  </datafield>
  <datafield tag="909" ind1="C" ind2="O">
    <subfield code="o">oai:infoscience.tind.io:211632</subfield>
    <subfield code="p">SB</subfield>
  </datafield>
  <datafield tag="917" ind1="Z" ind2="8">
    <subfield code="x">104954</subfield>
  </datafield>
  <datafield tag="937" ind1=" " ind2=" ">
    <subfield code="a">EPFL-PATENT-211632</subfield>
  </datafield>
  <datafield tag="973" ind1=" " ind2=" ">
    <subfield code="a">EPFL</subfield>
  </datafield>
  <datafield tag="980" ind1=" " ind2=" ">
    <subfield code="a">PATENT</subfield>
  </datafield>
</record>