
<record>
  <controlfield tag="001">198694</controlfield>
  <controlfield tag="005">20190316235914.0</controlfield>
  <datafield tag="013" ind1=" " ind2=" ">
    <subfield code="a">US20140122882</subfield>
    <subfield code="b">US</subfield>
    <subfield code="d">2014</subfield>
  </datafield>
  <datafield tag="037" ind1=" " ind2=" ">
    <subfield code="a">PATENT</subfield>
  </datafield>
  <datafield tag="245" ind1=" " ind2=" ">
    <subfield code="a">Methods and Apparatus for Data Security in Mobile Ad Hoc Networks</subfield>
  </datafield>
  <datafield tag="260" ind1=" " ind2=" ">
    <subfield code="c">2014</subfield>
  </datafield>
  <datafield tag="269" ind1=" " ind2=" ">
    <subfield code="a">2014</subfield>
  </datafield>
  <datafield tag="336" ind1=" " ind2=" ">
    <subfield code="a">Patents</subfield>
  </datafield>
  <datafield tag="520" ind1=" " ind2=" ">
    <subfield code="a">Systems and techniques for key management in mobile ad hoc networks are described. Pseudonyms are defined for group members of mobile ad hoc networks such that a pseudonym in a message can be deterministically identified with the sending device only by the sending device and the message recipient. Key management for a group is performed by a group manager, and key management may include key renewal and revocation. Key renewal is performed by a group manager, with the group manager using a set of couple pseudonyms, including a couple pseudonym between the manger and each group member. Key renewal employs a renewal key used to encrypt the updated group key, and the group manager updates the group key be transmitting a message to each group member in proximity, with the message being identified using the couple pseudonym of the manager and the group member.</subfield>
  </datafield>
  <datafield tag="700" ind1=" " ind2=" ">
    <subfield code="a">Harkous, Hamza</subfield>
    <subfield code="g">196561</subfield>
    <subfield code="0">246646</subfield>
  </datafield>
  <datafield tag="700" ind1=" " ind2=" ">
    <subfield code="a">Leppänen, Kari</subfield>
  </datafield>
  <datafield tag="700" ind1=" " ind2=" ">
    <subfield code="a">Turunen, Markku</subfield>
  </datafield>
  <datafield tag="700" ind1=" " ind2=" ">
    <subfield code="a">Ginzboorg, Philip</subfield>
  </datafield>
  <datafield tag="700" ind1=" " ind2=" ">
    <subfield code="a">Niemi, Valtteri</subfield>
  </datafield>
  <datafield tag="856" ind1="4" ind2=" ">
    <subfield code="y">n/a</subfield>
    <subfield code="s">227384</subfield>
    <subfield code="z">n/a</subfield>
    <subfield code="u">http://infoscience.epfl.ch/record/198694/files/US20140122882A1.pdf</subfield>
  </datafield>
  <datafield tag="856" ind1="4" ind2=" ">
    <subfield code="y">n/a</subfield>
    <subfield code="s">512950</subfield>
    <subfield code="z">n/a</subfield>
    <subfield code="u">http://infoscience.epfl.ch/record/198694/files/WO2014064339A1.pdf</subfield>
  </datafield>
  <datafield tag="909" ind1="C" ind2="0">
    <subfield code="p">IIF</subfield>
    <subfield code="0">252433</subfield>
    <subfield code="x">U10403</subfield>
  </datafield>
  <datafield tag="909" ind1="C" ind2="O">
    <subfield code="o">oai:infoscience.epfl.ch:198694</subfield>
    <subfield code="q">GLOBAL_SET</subfield>
  </datafield>
  <datafield tag="917" ind1="Z" ind2="8">
    <subfield code="x">196561</subfield>
  </datafield>
  <datafield tag="917" ind1="Z" ind2="8">
    <subfield code="x">148230</subfield>
  </datafield>
  <datafield tag="937" ind1=" " ind2=" ">
    <subfield code="a">EPFL-PATENT-198694</subfield>
  </datafield>
  <datafield tag="973" ind1=" " ind2=" ">
    <subfield code="a">OTHER</subfield>
  </datafield>
  <datafield tag="980" ind1=" " ind2=" ">
    <subfield code="a">PATENT</subfield>
  </datafield>
</record>