
<record>
  <controlfield tag="001">166414</controlfield>
  <controlfield tag="005">20181230232649.0</controlfield>
  <datafield tag="037" ind1=" " ind2=" ">
    <subfield code="a">PATENT</subfield>
  </datafield>
  <datafield tag="245" ind1=" " ind2=" ">
    <subfield code="a">Non-efflorescent hydraulic cement prepn</subfield>
  </datafield>
  <datafield tag="260" ind1=" " ind2=" ">
    <subfield code="c">2001</subfield>
    <subfield code="b">Lafarge Braas Tech Cent; Lafarge Sa; Lafarge Braas Tech Centers Ltd; Lafarge Aluminates; Lafarge Aluminate Sa; Constantinou a G; Dow C; Fentiman C H; Hoy M R; Scrivener K L; Lafarge Roofing Tech Centers Gmbh; Kerneos</subfield>
  </datafield>
  <datafield tag="269" ind1=" " ind2=" ">
    <subfield code="a">2001</subfield>
  </datafield>
  <datafield tag="336" ind1=" " ind2=" ">
    <subfield code="a">Patents</subfield>
  </datafield>
  <datafield tag="500" ind1=" " ind2=" ">
    <subfield code="a">Times Cited: 0</subfield>
  </datafield>
  <datafield tag="520" ind1=" " ind2=" ">
    <subfield code="a">NOVELTY - A non-efflorescing cementitious body comprises a source of calcium aluminate, a source of calcium silicate, a source of sulfate and a source of reactive silica. The ingredients are present in proportions that, upon hydration, ettringite and hydrated alumina are present in the body. USE - For coating on concrete article, e.g. roofing tiles, plates, cladding and walls (claimed). ADVANTAGE - The invention achieves reduced efflorescence, while maintaining very good dimensional stability with very low leach rate and very good acid resistance. DETAILED DESCRIPTION - INDEPENDENT CLAIMS are also included for the following: (A) a method of forming a non-efflorescing cementitious body comprising curing aqueous composition; and (B) a hydraulic binder/aqueous paste for forming a non-efflorescing cementitious body.</subfield>
  </datafield>
  <datafield tag="700" ind1=" " ind2=" ">
    <subfield code="a">Constantinou, A. G.</subfield>
  </datafield>
  <datafield tag="700" ind1=" " ind2=" ">
    <subfield code="a">Dow, C.</subfield>
  </datafield>
  <datafield tag="700" ind1=" " ind2=" ">
    <subfield code="a">Fentiman, C. H. R. H.</subfield>
  </datafield>
  <datafield tag="700" ind1=" " ind2=" ">
    <subfield code="a">Hoy, M. R.</subfield>
  </datafield>
  <datafield tag="700" ind1=" " ind2=" ">
    <subfield code="a">Scrivener, K. L.</subfield>
    <subfield code="g">138857</subfield>
    <subfield code="0">244030</subfield>
  </datafield>
  <datafield tag="700" ind1=" " ind2=" ">
    <subfield code="a">Graylands, M. R. H.</subfield>
  </datafield>
  <datafield tag="700" ind1=" " ind2=" ">
    <subfield code="a">Constantinou, G.</subfield>
  </datafield>
  <datafield tag="700" ind1=" " ind2=" ">
    <subfield code="a">Fentiman, H.</subfield>
  </datafield>
  <datafield tag="700" ind1=" " ind2=" ">
    <subfield code="a">Hoy, R.</subfield>
  </datafield>
  <datafield tag="700" ind1=" " ind2=" ">
    <subfield code="a">Scrivener, L.</subfield>
  </datafield>
  <datafield tag="700" ind1=" " ind2=" ">
    <subfield code="a">Konstantinou, A. D.</subfield>
  </datafield>
  <datafield tag="700" ind1=" " ind2=" ">
    <subfield code="a">Dau, K.</subfield>
  </datafield>
  <datafield tag="700" ind1=" " ind2=" ">
    <subfield code="a">Fentiman, C. Z. K. J. R.</subfield>
  </datafield>
  <datafield tag="700" ind1=" " ind2=" ">
    <subfield code="a">Khoj, M. R.</subfield>
  </datafield>
  <datafield tag="700" ind1=" " ind2=" ">
    <subfield code="a">Skrivener, K. L.</subfield>
  </datafield>
  <datafield tag="700" ind1=" " ind2=" ">
    <subfield code="a">Ren, F. C. Z. K. J.</subfield>
  </datafield>
  <datafield tag="856" ind1="4" ind2=" ">
    <subfield code="z">URL</subfield>
    <subfield code="u">&lt;Go to ISI>://DIIDW:2001658165</subfield>
  </datafield>
  <datafield tag="909" ind1="C" ind2="0">
    <subfield code="p">LMC</subfield>
    <subfield code="0">252300</subfield>
    <subfield code="x">U10341</subfield>
  </datafield>
  <datafield tag="909" ind1="C" ind2="O">
    <subfield code="o">oai:infoscience.tind.io:166414</subfield>
    <subfield code="p">GLOBAL_SET</subfield>
    <subfield code="p">STI</subfield>
  </datafield>
  <datafield tag="937" ind1=" " ind2=" ">
    <subfield code="a">EPFL-PATENT-166414</subfield>
  </datafield>
  <datafield tag="973" ind1=" " ind2=" ">
    <subfield code="a">EPFL</subfield>
    <subfield code="s">PUBLISHED</subfield>
    <subfield code="r">REVIEWED</subfield>
  </datafield>
  <datafield tag="980" ind1=" " ind2=" ">
    <subfield code="a">PATENT</subfield>
  </datafield>
</record>