
<record>
  <controlfield tag="001">154176</controlfield>
  <controlfield tag="005">20181230232624.0</controlfield>
  <datafield tag="037" ind1=" " ind2=" ">
    <subfield code="a">PATENT</subfield>
  </datafield>
  <datafield tag="245" ind1=" " ind2=" ">
    <subfield code="a">Scanning probe microscope for imaging material e.g. metal, has strain gauge coupled to opposed actuators arranged in opposed push or push-pull configuration to measure differential motion of opposed actuators</subfield>
  </datafield>
  <datafield tag="260" ind1=" " ind2=" ">
    <subfield code="c">2008</subfield>
    <subfield code="b">Univ California</subfield>
  </datafield>
  <datafield tag="269" ind1=" " ind2=" ">
    <subfield code="a">2008</subfield>
  </datafield>
  <datafield tag="336" ind1=" " ind2=" ">
    <subfield code="a">Patents</subfield>
  </datafield>
  <datafield tag="500" ind1=" " ind2=" ">
    <subfield code="a">Times Cited: 0</subfield>
  </datafield>
  <datafield tag="500" ind1=" " ind2=" ">
    <subfield code="a">&lt;Go to ISI>://DIIDW:2008F81154</subfield>
  </datafield>
  <datafield tag="520" ind1=" " ind2=" ">
    <subfield code="a">NOVELTY - The microscope (11) has a set of four actuators (14, 16, 18, 20) i.e. piezoelectric actuators, and a strain gauge coupled to two opposed actuators (14, 18), arranged in opposed push or push-pull configuration to measure the differential motion of the opposed actuators. A scanner (10) i.e. two dimension scanner, includes a flexure and bearing ball that is coupled to cross-conformed actuators (14, 16) arranged along x and y axes. A sample supporting member is provided in a center of a support frame of the scanner, where the flexure is formed of blade springs. USE - Scanning probe microscope for imaging a wide range of materials e.g. metal, semiconductor, mineral, polymer and biomaterial, and for measuring deflection of a cantilever. ADVANTAGE - The microscope reduces the mechanical oscillations while imaging by providing a rigid design with high order resonance frequencies. The microscope avoids the low resonance frequencies and accounts for piezo nonlinearities. The two piezoelectric actuators are identical over long range of temperature, and the absolute temperature change does not change the output of the bridge. The output of the full bridge signal gets doubled, thus increasing the sensitivity and improving the signal to noise ratio.</subfield>
  </datafield>
  <datafield tag="700" ind1=" " ind2=" ">
    <subfield code="a">Hansma, P. K.</subfield>
  </datafield>
  <datafield tag="700" ind1=" " ind2=" ">
    <subfield code="a">Fantner, G.</subfield>
    <subfield code="g">199129</subfield>
    <subfield code="0">244716</subfield>
  </datafield>
  <datafield tag="700" ind1=" " ind2=" ">
    <subfield code="a">Kindt, J. H.</subfield>
  </datafield>
  <datafield tag="909" ind1="C" ind2="0">
    <subfield code="p">LBNI</subfield>
    <subfield code="0">252332</subfield>
    <subfield code="x">U12183</subfield>
  </datafield>
  <datafield tag="909" ind1="C" ind2="O">
    <subfield code="o">oai:infoscience.tind.io:154176</subfield>
    <subfield code="p">GLOBAL_SET</subfield>
    <subfield code="p">STI</subfield>
  </datafield>
  <datafield tag="937" ind1=" " ind2=" ">
    <subfield code="a">EPFL-PATENT-154176</subfield>
  </datafield>
  <datafield tag="937" ind1=" " ind2=" ">
    <subfield code="a">EPFL-PATENT-154176</subfield>
  </datafield>
  <datafield tag="973" ind1=" " ind2=" ">
    <subfield code="a">OTHER</subfield>
    <subfield code="s">PUBLISHED</subfield>
    <subfield code="r">REVIEWED</subfield>
  </datafield>
  <datafield tag="980" ind1=" " ind2=" ">
    <subfield code="a">PATENT</subfield>
  </datafield>
</record>