
<record>
  <controlfield tag="001">147342</controlfield>
  <controlfield tag="005">20190117192801.0</controlfield>
  <datafield tag="013" ind1=" " ind2=" ">
    <subfield code="a">WO2007057428</subfield>
    <subfield code="c">A1</subfield>
    <subfield code="b">WO</subfield>
    <subfield code="d">20070524</subfield>
  </datafield>
  <datafield tag="024" ind1="7" ind2="0">
    <subfield code="a">35841958</subfield>
    <subfield code="2">EPO Family ID</subfield>
  </datafield>
  <datafield tag="024" ind1="7" ind2="0">
    <subfield code="a">6.0618</subfield>
    <subfield code="2">TTO</subfield>
  </datafield>
  <datafield tag="037" ind1=" " ind2=" ">
    <subfield code="a">PATENT</subfield>
  </datafield>
  <datafield tag="245" ind1=" " ind2=" ">
    <subfield code="a">New conjugate of agonist ligand directed to ligand-gated ion channels of cysteine loop-family with chromophore, useful, e.g. in receptor proteins/their interaction with agonistic ligand and to study the effect of unlabelled ligands</subfield>
  </datafield>
  <datafield tag="260" ind1=" " ind2=" ">
    <subfield code="c">2007</subfield>
  </datafield>
  <datafield tag="269" ind1=" " ind2=" ">
    <subfield code="a">2007</subfield>
  </datafield>
  <datafield tag="336" ind1=" " ind2=" ">
    <subfield code="a">Patents</subfield>
  </datafield>
  <datafield tag="520" ind1=" " ind2=" ">
    <subfield code="a">NOVELTY - Conjugate (I) of an agonist ligand directed to ligand-gated ion channels (LGICs) of the Cys loop-family with a chromophore, is new. USE - (I) is useful in the receptor proteins and/or their interaction with the agonistic ligand, where the interaction with the agonistic ligand is measured in a competition experiment with an unlabelled compound (claimed). (I) is useful in unconjugated ligands in competition experiments to study the effect of such unlabelled ligands on a receptor, to study receptor activation, to characterize the receptors, the compounds and other unlabelled ligands for competition or modulation. ADVANTAGE - (I) allows sensitive on-line and in vivo data acquisition. (I) comprise a ligand giving rise to a selective receptor recognition allowing specific receptor binding assays and the study of receptor properties. (I) are agonists thus allowing one to study receptor activation and/or effect. (I) allows combined measurement of receptor binding and activation. (I) has high efficacy in binding to the cognate receptors. DETAILED DESCRIPTION - An INDEPENDENT CLAIM is included for method of characterisation and quantification of receptors, where (I) is contacted with the corresponding receptor and the chromophore bound to the receptor or the activation of the receptor is measured.</subfield>
  </datafield>
  <datafield tag="700" ind1=" " ind2=" ">
    <subfield code="a">Grandl, Jörg</subfield>
    <subfield code="g">151723</subfield>
    <subfield code="0">240612</subfield>
  </datafield>
  <datafield tag="700" ind1=" " ind2=" ">
    <subfield code="a">Hovius, Rudolf</subfield>
    <subfield code="g">105423</subfield>
    <subfield code="0">240613</subfield>
  </datafield>
  <datafield tag="700" ind1=" " ind2=" ">
    <subfield code="a">Vogel, Horst</subfield>
    <subfield code="g">106666</subfield>
    <subfield code="0">240645</subfield>
  </datafield>
  <datafield tag="700" ind1=" " ind2=" ">
    <subfield code="a">Bertrand, Daniel</subfield>
  </datafield>
  <datafield tag="700" ind1=" " ind2=" ">
    <subfield code="a">Sakr, Elias</subfield>
  </datafield>
  <datafield tag="700" ind1=" " ind2=" ">
    <subfield code="a">KOTZYBA-HIBERT, F.</subfield>
  </datafield>
  <datafield tag="700" ind1=" " ind2=" ">
    <subfield code="a">GOELDNER, M.</subfield>
  </datafield>
  <datafield tag="909" ind1="C" ind2="0">
    <subfield code="p">LCPPM</subfield>
    <subfield code="0">252153</subfield>
    <subfield code="x">U10170</subfield>
  </datafield>
  <datafield tag="909" ind1="C" ind2="0">
    <subfield code="p">TTO</subfield>
    <subfield code="0">252085</subfield>
    <subfield code="x">U10021</subfield>
  </datafield>
  <datafield tag="909" ind1="C" ind2="O">
    <subfield code="o">oai:infoscience.tind.io:147342</subfield>
    <subfield code="p">SB</subfield>
  </datafield>
  <datafield tag="937" ind1=" " ind2=" ">
    <subfield code="a">EPFL-PATENT-147342</subfield>
  </datafield>
  <datafield tag="973" ind1=" " ind2=" ">
    <subfield code="a">EPFL</subfield>
    <subfield code="s">PUBLISHED</subfield>
  </datafield>
  <datafield tag="980" ind1=" " ind2=" ">
    <subfield code="a">PATENT</subfield>
  </datafield>
</record>