
<record>
  <controlfield tag="001">99907</controlfield>
  <controlfield tag="005">20190316233930.0</controlfield>
  <datafield tag="013" ind1=" " ind2=" ">
    <subfield code="a">US6198545</subfield>
    <subfield code="c">B1</subfield>
    <subfield code="b">US</subfield>
    <subfield code="d">20010306</subfield>
  </datafield>
  <datafield tag="013" ind1=" " ind2=" ">
    <subfield code="a">WO9527365</subfield>
    <subfield code="c">A1</subfield>
    <subfield code="b">WO</subfield>
    <subfield code="d">19951012</subfield>
  </datafield>
  <datafield tag="024" ind1="7" ind2="0">
    <subfield code="a">4198872</subfield>
    <subfield code="2">EPO Family ID</subfield>
  </datafield>
  <datafield tag="037" ind1=" " ind2=" ">
    <subfield code="a">PATENT</subfield>
  </datafield>
  <datafield tag="245" ind1=" " ind2=" ">
    <subfield code="a">Method and apparatus for generating halftone images by evolutionary screen dot contours</subfield>
  </datafield>
  <datafield tag="260" ind1=" " ind2=" ">
    <subfield code="c">2004</subfield>
  </datafield>
  <datafield tag="269" ind1=" " ind2=" ">
    <subfield code="a">2004</subfield>
  </datafield>
  <datafield tag="336" ind1=" " ind2=" ">
    <subfield code="a">Patents</subfield>
  </datafield>
  <datafield tag="520" ind1=" " ind2=" ">
    <subfield code="a">The present invention is related to the synthesis, display and printing of halftone images. The invention comprises a method capable of generating screen elements with sophisticated screen dot shapes such as artistic shapes, microletters and ideograms. The method can be used to generate screen elements whose screen dots are made of evolving artistic shapes at increasing intensity level. For generating screen elements at consecutive intensity levels, intermediate contours which bound the white and black parts of each screen element are obtained by interpolating between fixed predefined contours. Such interpolated contours defining screen dots may be transformed from a screen dot definition space to a screen dot rendition space before being converted into discrete screen elements by a scan conversion and filling operation. Since the method allows producing large screen elements made up of many distinct subscreen dot shapes, the process can be used to generate discrete subscreen elements whose geometry may vary from one subscreen dot to another for the same intensity level. Some subscreen dot shape variations may be used to avoid counterfeiting by photocopying machines and digital scanners. The contours which make up the screen elements' dot shapes may be of arbitrary complexity. This characteristic makes the invented process useful in fields where halftoning with sophisticated screen dot shapes is desired, i.e. for printing banknotes, postage stamps or valuable papers. Screen dot shapes made of latin, greek cyrillic or arabic typographic characters as well as screen dot shapes made of ideograms offer new design freedom for creating posters and graphic designs.</subfield>
  </datafield>
  <datafield tag="700" ind1=" " ind2=" ">
    <subfield code="a">Ostromoukhov, V.</subfield>
  </datafield>
  <datafield tag="700" ind1=" " ind2=" ">
    <subfield code="a">Hersch, R. D.</subfield>
    <subfield code="g">105390</subfield>
    <subfield code="0">242314</subfield>
  </datafield>
  <datafield tag="856" ind1="4" ind2=" ">
    <subfield code="z">URL</subfield>
    <subfield code="u">http://patft.uspto.gov/netacgi/nph-Parser?Sect1=PTO2&amp;Sect2=HITOFF&amp;p=1&amp;u=%2Fnetahtml%2FPTO%2Fsearch-bool.html&amp;r=4&amp;f=G&amp;l=50&amp;co1=AND&amp;d=PTXT&amp;s1=6198545&amp;OS=6198545&amp;RS=6198545</subfield>
  </datafield>
  <datafield tag="909" ind1="C" ind2="0">
    <subfield code="p">LSP</subfield>
    <subfield code="0">252034</subfield>
    <subfield code="x">U10417</subfield>
  </datafield>
  <datafield tag="909" ind1="C" ind2="O">
    <subfield code="o">oai:infoscience.tind.io:99907</subfield>
    <subfield code="p">IC</subfield>
    <subfield code="q">GLOBAL_SET</subfield>
  </datafield>
  <datafield tag="937" ind1=" " ind2=" ">
    <subfield code="a">LSP-PATENT-2004-002</subfield>
  </datafield>
  <datafield tag="970" ind1=" " ind2=" ">
    <subfield code="a">2110/LSP</subfield>
  </datafield>
  <datafield tag="973" ind1=" " ind2=" ">
    <subfield code="a">EPFL</subfield>
    <subfield code="s">PUBLISHED</subfield>
  </datafield>
  <datafield tag="980" ind1=" " ind2=" ">
    <subfield code="a">PATENT</subfield>
  </datafield>
</record>