
<record>
  <controlfield tag="001">81141</controlfield>
  <controlfield tag="005">20180317094222.0</controlfield>
  <datafield tag="013" ind1=" " ind2=" ">
    <subfield code="a">76-195738 128189</subfield>
  </datafield>
  <datafield tag="037" ind1=" " ind2=" ">
    <subfield code="a">PATENT</subfield>
  </datafield>
  <datafield tag="245" ind1=" " ind2=" ">
    <subfield code="a">High-molecular-weight, water-soluble polyammonium compounds</subfield>
  </datafield>
  <datafield tag="260" ind1=" " ind2=" ">
    <subfield code="c">1977</subfield>
    <subfield code="b">(Akademie der Wissenschaften der DDR, Ger. Dem. Rep.).</subfield>
  </datafield>
  <datafield tag="269" ind1=" " ind2=" ">
    <subfield code="a">1977</subfield>
  </datafield>
  <datafield tag="336" ind1=" " ind2=" ">
    <subfield code="a">Patents</subfield>
  </datafield>
  <datafield tag="520" ind1=" " ind2=" ">
    <subfield code="a">High-mol. wt., water-sol. compds., useful for nonsticky coatings on elec. conductive paper are manufd. by polymn. of 0.01-5 mol.% Z(CO2CH2CR:CR'R2)2 (Z = (CH2)n, (CH:CH)m, O(CH2CH2)p O, arylene, cycloalkylene, n = 0-20; m = 1-4, p = 0-5, R, R1, R2 = H, C1-6 alkyl, C5-6 cycloalkyl), e.g. diallyl maleinate, and a dialkenyldialkylammonium compd., e.g. diallyldimethylammonium chloride, in H2O in an inert atm. at 50-100 Deg. [on SciFinder (R)]</subfield>
  </datafield>
  <datafield tag="700" ind1=" " ind2=" ">
    <subfield code="a">Ballschuh, Detlef</subfield>
  </datafield>
  <datafield tag="700" ind1=" " ind2=" ">
    <subfield code="a">Jaeger, Werner</subfield>
  </datafield>
  <datafield tag="700" ind1=" " ind2=" ">
    <subfield code="a">Hahn, Mathias</subfield>
  </datafield>
  <datafield tag="700" ind1=" " ind2=" ">
    <subfield code="a">Wandrey, Christine</subfield>
    <subfield code="g">112792</subfield>
    <subfield code="0">241193</subfield>
  </datafield>
  <datafield tag="700" ind1=" " ind2=" ">
    <subfield code="a">Reinisch, Gerhard</subfield>
  </datafield>
  <datafield tag="700" ind1=" " ind2=" ">
    <subfield code="a">Voelkel, Hans Georg</subfield>
  </datafield>
  <datafield tag="700" ind1=" " ind2=" ">
    <subfield code="a">Bollmann, Waltraud</subfield>
  </datafield>
  <datafield tag="700" ind1=" " ind2=" ">
    <subfield code="a">Lorenz, Werner</subfield>
  </datafield>
  <datafield tag="700" ind1=" " ind2=" ">
    <subfield code="a">Jentsch, Erwin</subfield>
  </datafield>
  <datafield tag="909" ind1="C" ind2="0">
    <subfield code="p">LMRP</subfield>
    <subfield code="0">252196</subfield>
    <subfield code="x">U11032</subfield>
  </datafield>
  <datafield tag="937" ind1=" " ind2=" ">
    <subfield code="a">LMRP-PATENT-1977-001</subfield>
  </datafield>
  <datafield tag="970" ind1=" " ind2=" ">
    <subfield code="a">224/LMRP</subfield>
  </datafield>
  <datafield tag="973" ind1=" " ind2=" ">
    <subfield code="a">EPFL</subfield>
    <subfield code="s">PUBLISHED</subfield>
  </datafield>
  <datafield tag="980" ind1=" " ind2=" ">
    <subfield code="a">PATENT</subfield>
  </datafield>
</record>