
<record>
  <controlfield tag="001">80395</controlfield>
  <controlfield tag="005">20181221101932.0</controlfield>
  <datafield tag="013" ind1=" " ind2=" ">
    <subfield code="a">99-119845 1098204</subfield>
  </datafield>
  <datafield tag="037" ind1=" " ind2=" ">
    <subfield code="a">PATENT</subfield>
  </datafield>
  <datafield tag="245" ind1=" " ind2=" ">
    <subfield code="a">Single-transition-to-single-transition coherence transfer by cross-polarization: quantitation of cross-correlation effects in nmr</subfield>
  </datafield>
  <datafield tag="260" ind1=" " ind2=" ">
    <subfield code="c">2001</subfield>
    <subfield code="b">(Bruker Ag, Switz.).</subfield>
  </datafield>
  <datafield tag="269" ind1=" " ind2=" ">
    <subfield code="a">2001</subfield>
  </datafield>
  <datafield tag="336" ind1=" " ind2=" ">
    <subfield code="a">Patents</subfield>
  </datafield>
  <datafield tag="520" ind1=" " ind2=" ">
    <subfield code="a">A method of NMR spectroscopy for achieving selective single-transition-to-single-transition cross-polarization (ST-CP) between two selected transitions in systems with two or more coupled spins comprises the following steps: 1) Choose RF pulses suitably shaped for a selective excitation expt. with an RF amplitude that is weaker than the scalar coupling const. JIS of the I and S spin systems; 2) Simultaneously stimulate a pair of connected transitions of the I and S spin systems; 3) Record the response for the said selective excitation expt. and observe different pairs of connected transitions. The method proposed is quite general provided the selectivity is sufficient to consider the relevant three-level subsystem to be isolated from all other energy levels. The method will be particularly useful to study differential relaxation of different multiplet components. [on SciFinder (R)]</subfield>
  </datafield>
  <datafield tag="700" ind1=" " ind2=" ">
    <subfield code="a">Ferrage, Fabien</subfield>
  </datafield>
  <datafield tag="700" ind1=" " ind2=" ">
    <subfield code="a">Eykin, Thomas R.</subfield>
  </datafield>
  <datafield tag="700" ind1=" " ind2=" ">
    <subfield code="a">Bodenhausen, Geoffrey</subfield>
    <subfield code="g">122795</subfield>
    <subfield code="0">243177</subfield>
  </datafield>
  <datafield tag="909" ind1="C" ind2="0">
    <subfield code="p">LRMB</subfield>
    <subfield code="0">252152</subfield>
    <subfield code="x">U10098</subfield>
  </datafield>
  <datafield tag="909" ind1="C" ind2="O">
    <subfield code="o">oai:infoscience.tind.io:80395</subfield>
    <subfield code="p">SB</subfield>
  </datafield>
  <datafield tag="937" ind1=" " ind2=" ">
    <subfield code="a">LRMB-PATENT-2001-001</subfield>
  </datafield>
  <datafield tag="970" ind1=" " ind2=" ">
    <subfield code="a">196/LRMB</subfield>
  </datafield>
  <datafield tag="973" ind1=" " ind2=" ">
    <subfield code="a">EPFL</subfield>
    <subfield code="s">PUBLISHED</subfield>
  </datafield>
  <datafield tag="980" ind1=" " ind2=" ">
    <subfield code="a">PATENT</subfield>
  </datafield>
</record>