
<record>
  <controlfield tag="001">52886</controlfield>
  <controlfield tag="005">20190316233502.0</controlfield>
  <datafield tag="013" ind1=" " ind2=" ">
    <subfield code="a">SK279477</subfield>
    <subfield code="c">B6</subfield>
    <subfield code="b">SK</subfield>
    <subfield code="d">19981104</subfield>
  </datafield>
  <datafield tag="013" ind1=" " ind2=" ">
    <subfield code="a">CZ281621</subfield>
    <subfield code="c">B6</subfield>
    <subfield code="b">CZ</subfield>
    <subfield code="d">19961113</subfield>
  </datafield>
  <datafield tag="013" ind1=" " ind2=" ">
    <subfield code="a">US5486019</subfield>
    <subfield code="c">A</subfield>
    <subfield code="b">US</subfield>
    <subfield code="d">19960123</subfield>
  </datafield>
  <datafield tag="013" ind1=" " ind2=" ">
    <subfield code="a">ES2072671</subfield>
    <subfield code="c">T3</subfield>
    <subfield code="b">ES</subfield>
    <subfield code="d">19950716</subfield>
  </datafield>
  <datafield tag="013" ind1=" " ind2=" ">
    <subfield code="a">AT120144</subfield>
    <subfield code="c">T</subfield>
    <subfield code="b">AT</subfield>
    <subfield code="d">19950415</subfield>
  </datafield>
  <datafield tag="013" ind1=" " ind2=" ">
    <subfield code="a">EP0529389</subfield>
    <subfield code="c">B1</subfield>
    <subfield code="b">EP</subfield>
    <subfield code="d">19950322</subfield>
  </datafield>
  <datafield tag="013" ind1=" " ind2=" ">
    <subfield code="a">SK258092</subfield>
    <subfield code="c">A3</subfield>
    <subfield code="b">SK</subfield>
    <subfield code="d">19950105</subfield>
  </datafield>
  <datafield tag="013" ind1=" " ind2=" ">
    <subfield code="a">CZ9202580</subfield>
    <subfield code="c">A3</subfield>
    <subfield code="b">CZ</subfield>
    <subfield code="d">19930317</subfield>
  </datafield>
  <datafield tag="013" ind1=" " ind2=" ">
    <subfield code="a">EP0529389</subfield>
    <subfield code="c">A1</subfield>
    <subfield code="b">EP</subfield>
    <subfield code="d">19930303</subfield>
  </datafield>
  <datafield tag="013" ind1=" " ind2=" ">
    <subfield code="a">FR2680487</subfield>
    <subfield code="c">A1</subfield>
    <subfield code="b">FR</subfield>
    <subfield code="d">19930226</subfield>
  </datafield>
  <datafield tag="013" ind1=" " ind2=" ">
    <subfield code="a">CA2076618</subfield>
    <subfield code="c">A1</subfield>
    <subfield code="b">CA</subfield>
    <subfield code="d">19930224</subfield>
  </datafield>
  <datafield tag="024" ind1="7" ind2="0">
    <subfield code="a">9416395</subfield>
    <subfield code="2">EPO Family ID</subfield>
  </datafield>
  <datafield tag="037" ind1=" " ind2=" ">
    <subfield code="a">PATENT</subfield>
  </datafield>
  <datafield tag="245" ind1=" " ind2=" ">
    <subfield code="a">Automotive Vehicle Including a Security Arrangement Provided with an Inflatable Protective Bag</subfield>
  </datafield>
  <datafield tag="260" ind1=" " ind2=" ">
    <subfield code="c">1996</subfield>
  </datafield>
  <datafield tag="269" ind1=" " ind2=" ">
    <subfield code="a">1996</subfield>
  </datafield>
  <datafield tag="336" ind1=" " ind2=" ">
    <subfield code="a">Patents</subfield>
  </datafield>
  <datafield tag="500" ind1=" " ind2=" ">
    <subfield code="a">United States Patent. January, 23, 1996. Company: Swatch - Mercedes-Benz. http://freepatentsonline.com/5486019.html</subfield>
  </datafield>
  <datafield tag="520" ind1=" " ind2=" ">
    <subfield code="a">The invention concerns an automotive vehicle. This vehicle comprises a dashboard , steering control handles distanced from the dashboard, the dashboard comprising a compartment closed by a flap and in which is arranged a protective bag of supple material at least partially gas-tight, the bag being coupled to a gas source and one or more accelerometers for automatically releasing the gas source in response to abnormal behaviour of the vehicle, in that the bag spreads out, in the inflated state, over substantially the entire area of the dashboard. SMH - MCC Smart, car concepts</subfield>
  </datafield>
  <datafield tag="653" ind1="1" ind2=" ">
    <subfield code="a">Automotive component</subfield>
  </datafield>
  <datafield tag="653" ind1="1" ind2=" ">
    <subfield code="a">Airbag</subfield>
  </datafield>
  <datafield tag="653" ind1="1" ind2=" ">
    <subfield code="a">Passenger safety</subfield>
  </datafield>
  <datafield tag="700" ind1=" " ind2=" ">
    <subfield code="a">Chevroulet, Tristan</subfield>
  </datafield>
  <datafield tag="700" ind1=" " ind2=" ">
    <subfield code="a">Béroud, Jean-Claude</subfield>
  </datafield>
  <datafield tag="856" ind1="4" ind2=" ">
    <subfield code="s">631565</subfield>
    <subfield code="z">n/a</subfield>
    <subfield code="u">http://infoscience.epfl.ch/record/52886/files/Airbag_US.pdf</subfield>
  </datafield>
  <datafield tag="909" ind1="C" ind2="0">
    <subfield code="p">LEM</subfield>
    <subfield code="0">252252</subfield>
    <subfield code="x">U10486</subfield>
  </datafield>
  <datafield tag="909" ind1="C" ind2="O">
    <subfield code="o">oai:infoscience.tind.io:52886</subfield>
    <subfield code="p">CDM</subfield>
    <subfield code="q">GLOBAL_SET</subfield>
  </datafield>
  <datafield tag="937" ind1=" " ind2=" ">
    <subfield code="a">LEM-PATENT-2005-009</subfield>
  </datafield>
  <datafield tag="973" ind1=" " ind2=" ">
    <subfield code="a">EPFL</subfield>
    <subfield code="s">PUBLISHED</subfield>
  </datafield>
  <datafield tag="980" ind1=" " ind2=" ">
    <subfield code="a">PATENT</subfield>
  </datafield>
</record>