
<record>
  <controlfield tag="001">332</controlfield>
  <controlfield tag="005">20190117192420.0</controlfield>
  <datafield tag="037" ind1=" " ind2=" ">
    <subfield code="a">PATENT</subfield>
  </datafield>
  <datafield tag="245" ind1=" " ind2=" ">
    <subfield code="a">Asymmetric Best Effort Service for Packet Networks</subfield>
  </datafield>
  <datafield tag="260" ind1=" " ind2=" ">
    <subfield code="c">1998</subfield>
  </datafield>
  <datafield tag="269" ind1=" " ind2=" ">
    <subfield code="a">1998</subfield>
  </datafield>
  <datafield tag="336" ind1=" " ind2=" ">
    <subfield code="a">Patents</subfield>
  </datafield>
  <datafield tag="500" ind1=" " ind2=" ">
    <subfield code="a">US patent application filed</subfield>
  </datafield>
  <datafield tag="520" ind1=" " ind2=" ">
    <subfield code="a">We present Asymmetric Best-Effort, a novel service to provide a ``throughput versus delay jitter`` differentiated service for IP packets. With this service, every best effort packet is marked as either green or blue. Green packets, typically sent by real-time applications such as interactive audio, receive more losses during bouts of congestion than blue ones. In return, they receive less delay jitter. Both green and blue services are best-effort. The incentive to choose one or other is based on the nature of one`s traffic and on traffic conditions. If applications are TCP-friendly, an application sending blue packets will receive more throughput but also more delay jitter, than it would if it sent green packets for a given network state and path. Service provision at each cooperating router can be achieved by Packet Admission Control (PAC) and scheduling. We develop and simulate an initial algorithm that supports this service. It uses a modified version of RED for packet drop differention while scheduling of blue and green packets is facilated using Earliest Deadline First (EDF). These first results show the feasiblity of the service.</subfield>
  </datafield>
  <datafield tag="700" ind1=" " ind2=" ">
    <subfield code="a">Le Boudec, Jean-Yves</subfield>
    <subfield code="g">105633</subfield>
    <subfield code="0">241098</subfield>
  </datafield>
  <datafield tag="700" ind1=" " ind2=" ">
    <subfield code="a">Maher, Hamdi</subfield>
  </datafield>
  <datafield tag="700" ind1=" " ind2=" ">
    <subfield code="a">Blazevic, Ljubica</subfield>
    <subfield code="g">112144</subfield>
    <subfield code="0">241391</subfield>
  </datafield>
  <datafield tag="700" ind1=" " ind2=" ">
    <subfield code="a">Thiran, Patrick</subfield>
    <subfield code="g">103925</subfield>
    <subfield code="0">240373</subfield>
  </datafield>
  <datafield tag="909" ind1="C" ind2="O">
    <subfield code="o">oai:infoscience.tind.io:332</subfield>
    <subfield code="p">IC</subfield>
  </datafield>
  <datafield tag="909" ind1="C" ind2="0">
    <subfield code="p">LCA</subfield>
    <subfield code="0">252614</subfield>
    <subfield code="x">US00024</subfield>
  </datafield>
  <datafield tag="909" ind1="C" ind2="0">
    <subfield code="p">LCA1</subfield>
    <subfield code="0">252452</subfield>
    <subfield code="x">U10426</subfield>
  </datafield>
  <datafield tag="909" ind1="C" ind2="0">
    <subfield code="p">LCA2</subfield>
    <subfield code="0">252453</subfield>
    <subfield code="x">U10427</subfield>
  </datafield>
  <datafield tag="909" ind1="C" ind2="0">
    <subfield code="p">LCA3</subfield>
    <subfield code="0">252454</subfield>
    <subfield code="x">U10431</subfield>
  </datafield>
  <datafield tag="937" ind1=" " ind2=" ">
    <subfield code="a">LCA-PATENT-1998-003</subfield>
  </datafield>
  <datafield tag="970" ind1=" " ind2=" ">
    <subfield code="a">494/LCA</subfield>
  </datafield>
  <datafield tag="973" ind1=" " ind2=" ">
    <subfield code="a">EPFL</subfield>
    <subfield code="s">PUBLISHED</subfield>
  </datafield>
  <datafield tag="980" ind1=" " ind2=" ">
    <subfield code="a">PATENT</subfield>
  </datafield>
</record>