
<record>
  <controlfield tag="001">257893</controlfield>
  <controlfield tag="005">20190528081132.0</controlfield>
  <datafield tag="013" ind1=" " ind2=" ">
    <subfield code="a">US10041313</subfield>
  </datafield>
  <datafield tag="037" ind1=" " ind2=" ">
    <subfield code="a">PATENT</subfield>
  </datafield>
  <datafield tag="245" ind1=" " ind2=" ">
    <subfield code="a">Method and system for extending reach in deviated wellbores using selected injection speed</subfield>
  </datafield>
  <datafield tag="260" ind1=" " ind2=" ">
    <subfield code="c">2018-08-07</subfield>
  </datafield>
  <datafield tag="269" ind1=" " ind2=" ">
    <subfield code="a">2018-08-07</subfield>
  </datafield>
  <datafield tag="336" ind1=" " ind2=" ">
    <subfield code="a">Patents</subfield>
  </datafield>
  <datafield tag="520" ind1=" " ind2=" ">
    <subfield code="a">A method for extending reach of a coiled tubing string in a deviated wellbore includes vibrating the tubing string while the tubing string is injected into the wellbore at a first injection speed, finding the peak speed of lateral vibration of the tubing string, determining a second injection speed as a function of the obtained peak speed of lateral vibration, and adjusting the injection speed of the vibrating tubing string from the first injection speed to the determined second injection speed based on said function. A non-transitory computer-readable storage medium to execute the foregoing method is provided, along with a system for extending reach of a coiled tubing string in a deviated wellbore.</subfield>
  </datafield>
  <datafield tag="700" ind1=" " ind2=" ">
    <subfield code="a">Miller, James</subfield>
  </datafield>
  <datafield tag="700" ind1=" " ind2=" ">
    <subfield code="a">Wicks, Nathan</subfield>
  </datafield>
  <datafield tag="700" ind1=" " ind2=" ">
    <subfield code="0">251471</subfield>
    <subfield code="a">Reis, Pedro M.</subfield>
  </datafield>
  <datafield tag="700" ind1=" " ind2=" ">
    <subfield code="a">Su, Tianxiang</subfield>
  </datafield>
  <datafield tag="720" ind1=" " ind2="5">
    <subfield code="a">Schlumberger Technology Corporation</subfield>
    <subfield code="e">"app."</subfield>
  </datafield>
  <datafield tag="720" ind1=" " ind2="5">
    <subfield code="a">Massachusetts Institute of Technology</subfield>
    <subfield code="e">"app."</subfield>
  </datafield>
  <datafield tag="856" ind1="0" ind2=" ">
    <subfield code="f">dong.yan@epfl.ch</subfield>
  </datafield>
  <datafield tag="909" ind1="C" ind2="0">
    <subfield code="0">252618</subfield>
    <subfield code="m">pedro.reis@epfl.ch</subfield>
    <subfield code="p">FLEXLAB</subfield>
    <subfield code="x">U13471</subfield>
  </datafield>
  <datafield tag="909" ind1="C" ind2="O">
    <subfield code="o">oai:infoscience.epfl.ch:257893</subfield>
    <subfield code="p">STI</subfield>
  </datafield>
  <datafield tag="960" ind1=" " ind2=" ">
    <subfield code="a">dong.yan@epfl.ch</subfield>
  </datafield>
  <datafield tag="961" ind1=" " ind2=" ">
    <subfield code="a">pierre.devaud@epfl.ch</subfield>
  </datafield>
  <datafield tag="973" ind1=" " ind2=" ">
    <subfield code="a">OTHER</subfield>
  </datafield>
  <datafield tag="980" ind1=" " ind2=" ">
    <subfield code="a">PATENT</subfield>
  </datafield>
  <datafield tag="981" ind1=" " ind2=" ">
    <subfield code="a">overwrite</subfield>
  </datafield>
</record>