
<record>
  <controlfield tag="001">231795</controlfield>
  <controlfield tag="005">20180913064530.0</controlfield>
  <datafield tag="013" ind1=" " ind2=" ">
    <subfield code="a">US2017250468</subfield>
    <subfield code="c">A1</subfield>
    <subfield code="b">US</subfield>
    <subfield code="d">20170831</subfield>
  </datafield>
  <datafield tag="024" ind1="7" ind2="0">
    <subfield code="a">59678989</subfield>
    <subfield code="2">EPO Family ID</subfield>
  </datafield>
  <datafield tag="037" ind1=" " ind2=" ">
    <subfield code="a">PATENT</subfield>
  </datafield>
  <datafield tag="245" ind1=" " ind2=" ">
    <subfield code="a">Methods and apparatuses for versatile beamforming</subfield>
  </datafield>
  <datafield tag="260" ind1=" " ind2=" ">
    <subfield code="c">2017</subfield>
  </datafield>
  <datafield tag="269" ind1=" " ind2=" ">
    <subfield code="a">2017</subfield>
  </datafield>
  <datafield tag="336" ind1=" " ind2=" ">
    <subfield code="a">Patents</subfield>
  </datafield>
  <datafield tag="520" ind1=" " ind2=" ">
    <subfield code="a">The present invention is directed to methods and apparatuses for beamforming signals or compute beamformed signals. The present approach is to determine a series of beams from or for a set of devices configured for receiving signals from and/or transmitting signals to one or more regions of interest in an n-dimensional space, with n=2 or 3. Each of the devices has a known position pi within said n-dimensional space. Signals are to be respectively transmitted or received non-uniformly in this space, i.e., according to the particular regions of interest. During a first phase, operations are performed in order to successively obtain a spatial filter function {circumflex over (ω)}(r), a beamforming function ω(p), and beamforming weights ω(p1). The spatial filter function {circumflex over (ω)}(r) matches projections of the regions of interest onto an n−1-dimensional sphere centered on said set of devices. The function {circumflex over (ω)}(r), however, extends over the n-dimensional space and does not restrict to the n−1-dimensional sphere. During a second phase, delays and gains are suitably introduced in the signals, by weighting time-series according to beamforming weights ω(pi) obtained during the first phase.</subfield>
  </datafield>
  <datafield tag="700" ind1=" " ind2=" ">
    <subfield code="a">Simeoni, Matthieu Martin Jean-Andre</subfield>
    <subfield code="g">216691</subfield>
    <subfield code="0">249453</subfield>
  </datafield>
  <datafield tag="700" ind1=" " ind2=" ">
    <subfield code="a">Hurley, Paul</subfield>
  </datafield>
  <datafield tag="700" ind1=" " ind2=" ">
    <subfield code="a">Cherubini, Giovanni</subfield>
  </datafield>
  <datafield tag="909" ind1="C" ind2="0">
    <subfield code="p">IINFCOM</subfield>
    <subfield code="0">252579</subfield>
    <subfield code="x">U13217</subfield>
  </datafield>
  <datafield tag="909" ind1="C" ind2="O">
    <subfield code="o">oai:infoscience.tind.io:231795</subfield>
    <subfield code="p">IC</subfield>
  </datafield>
  <datafield tag="917" ind1="Z" ind2="8">
    <subfield code="x">216691</subfield>
  </datafield>
  <datafield tag="937" ind1=" " ind2=" ">
    <subfield code="a">EPFL-PATENT-231795</subfield>
  </datafield>
  <datafield tag="973" ind1=" " ind2=" ">
    <subfield code="a">EPFL</subfield>
  </datafield>
  <datafield tag="980" ind1=" " ind2=" ">
    <subfield code="a">PATENT</subfield>
  </datafield>
</record>