
<record>
  <controlfield tag="001">229048</controlfield>
  <controlfield tag="005">20190117192757.0</controlfield>
  <datafield tag="013" ind1=" " ind2=" ">
    <subfield code="a">US8295493</subfield>
    <subfield code="c">B2</subfield>
    <subfield code="b">US</subfield>
    <subfield code="d">20121023</subfield>
  </datafield>
  <datafield tag="013" ind1=" " ind2=" ">
    <subfield code="a">CN101341793</subfield>
    <subfield code="c">B</subfield>
    <subfield code="b">CN</subfield>
    <subfield code="d">20100804</subfield>
  </datafield>
  <datafield tag="013" ind1=" " ind2=" ">
    <subfield code="a">CN101341793</subfield>
    <subfield code="c">A</subfield>
    <subfield code="b">CN</subfield>
    <subfield code="d">20090107</subfield>
  </datafield>
  <datafield tag="013" ind1=" " ind2=" ">
    <subfield code="a">US2008267413</subfield>
    <subfield code="c">A1</subfield>
    <subfield code="b">US</subfield>
    <subfield code="d">20081030</subfield>
  </datafield>
  <datafield tag="013" ind1=" " ind2=" ">
    <subfield code="a">KR20080042160</subfield>
    <subfield code="c">A</subfield>
    <subfield code="b">KR</subfield>
    <subfield code="d">20080514</subfield>
  </datafield>
  <datafield tag="013" ind1=" " ind2=" ">
    <subfield code="a">WO2007026025</subfield>
    <subfield code="c">A3</subfield>
    <subfield code="b">WO</subfield>
    <subfield code="d">20070426</subfield>
  </datafield>
  <datafield tag="013" ind1=" " ind2=" ">
    <subfield code="a">WO2007026025</subfield>
    <subfield code="c">A2</subfield>
    <subfield code="b">WO</subfield>
    <subfield code="d">20070308</subfield>
  </datafield>
  <datafield tag="013" ind1=" " ind2=" ">
    <subfield code="a">EP1761110</subfield>
    <subfield code="c">A1</subfield>
    <subfield code="b">EP</subfield>
    <subfield code="d">20070307</subfield>
  </datafield>
  <datafield tag="024" ind1="7" ind2="0">
    <subfield code="a">35820407</subfield>
    <subfield code="2">EPO Family ID</subfield>
  </datafield>
  <datafield tag="024" ind1="7" ind2="0">
    <subfield code="a">6.0572</subfield>
    <subfield code="2">TTO</subfield>
  </datafield>
  <datafield tag="037" ind1=" " ind2=" ">
    <subfield code="a">PATENT</subfield>
  </datafield>
  <datafield tag="245" ind1=" " ind2=" ">
    <subfield code="a">Method to generate multi-channel audio signals from stereo signals</subfield>
  </datafield>
  <datafield tag="260" ind1=" " ind2=" ">
    <subfield code="c">2007</subfield>
  </datafield>
  <datafield tag="269" ind1=" " ind2=" ">
    <subfield code="a">2007</subfield>
  </datafield>
  <datafield tag="336" ind1=" " ind2=" ">
    <subfield code="a">Patents</subfield>
  </datafield>
  <datafield tag="520" ind1=" " ind2=" ">
    <subfield code="a">A perceptually motivated spatial decomposition for two-channel stereo audio signals, capturing the information about the virtual sound stage, is proposed. The spatial decomposition allows to re-synthesize audio signals for playback over other sound systems than two-channel stereo. With the use of more front loudspeakers, the width of the virtual sound stage can be increased beyond +/- 30 DEG and the sweet spot region is extended. Optionally, lateral independent sound components can be played back separately over loudspeakers on the two sides of a listener to increase listener envelopment. It is also explained how the spatial decomposition can be used with surround sound and wavefield synthesis based audio system.; According to the main embodiment of the invention applying to multiple audio signals, it is proposed to generate multiple output audio signals (y1,..., yM) from multiple input audio signals (x1, ..., xL), in which the number of output is equal or higher than the number of input signals , this method comprising the steps of :; - by means of linear combinations of the input subbands X1(i), ..., XL(i), computing one or more independent sound subbands representing signal components which are independent between the input subbands, - by means of linear combinations of the input subbands X1(i), ..., XL(i), computing one or more localized direct sound subbands representing signal components which are contained in more than one of the input subbands and direction factors representing the ratios with which these signal components are contained in two or more input subbands, - generating the output subband signals, Y1(i)...YM(i), where each output subband signal is a linear combination of the independent sound subbands and the localized direct sound subbands - converting the output subband signals,Y1(i)...YM(i), to time domain audio signals, y1...yM.</subfield>
  </datafield>
  <datafield tag="700" ind1=" " ind2=" ">
    <subfield code="a">Faller, Christof</subfield>
  </datafield>
  <datafield tag="909" ind1="C" ind2="0">
    <subfield code="p">TTO</subfield>
    <subfield code="0">252085</subfield>
    <subfield code="x">U10021</subfield>
  </datafield>
  <datafield tag="937" ind1=" " ind2=" ">
    <subfield code="a">EPFL-PATENT-229048</subfield>
  </datafield>
  <datafield tag="973" ind1=" " ind2=" ">
    <subfield code="a">EPFL</subfield>
  </datafield>
  <datafield tag="980" ind1=" " ind2=" ">
    <subfield code="a">PATENT</subfield>
  </datafield>
</record>