
<record>
  <controlfield tag="001">229029</controlfield>
  <controlfield tag="005">20180913064357.0</controlfield>
  <datafield tag="013" ind1=" " ind2=" ">
    <subfield code="a">US2009072279</subfield>
    <subfield code="c">A1</subfield>
    <subfield code="b">US</subfield>
    <subfield code="d">20090319</subfield>
  </datafield>
  <datafield tag="024" ind1="7" ind2="0">
    <subfield code="a">40453509</subfield>
    <subfield code="2">EPO Family ID</subfield>
  </datafield>
  <datafield tag="024" ind1="7" ind2="0">
    <subfield code="a">6.0776</subfield>
    <subfield code="2">TTO</subfield>
  </datafield>
  <datafield tag="037" ind1=" " ind2=" ">
    <subfield code="a">PATENT</subfield>
  </datafield>
  <datafield tag="245" ind1=" " ind2=" ">
    <subfield code="a">Capacitor-less memory and abrupt switch based on hysteresis characteristics in punch-through impact ionization mos transistor (PI-MOS)</subfield>
  </datafield>
  <datafield tag="260" ind1=" " ind2=" ">
    <subfield code="c">2009</subfield>
  </datafield>
  <datafield tag="269" ind1=" " ind2=" ">
    <subfield code="a">2009</subfield>
  </datafield>
  <datafield tag="336" ind1=" " ind2=" ">
    <subfield code="a">Patents</subfield>
  </datafield>
  <datafield tag="520" ind1=" " ind2=" ">
    <subfield code="a">The present invention exploits the impact ionization induced by drain voltage increase and the onset of a bipolar parasitic in an Omega-gate field effect metal oxide insulator transistor (called PI-MOS), in order to obtain a memory effect and abrupt current switching.</subfield>
  </datafield>
  <datafield tag="700" ind1=" " ind2=" ">
    <subfield code="a">Moselund, Kirsten</subfield>
  </datafield>
  <datafield tag="700" ind1=" " ind2=" ">
    <subfield code="a">Ionescu, Mihai Adrian</subfield>
  </datafield>
  <datafield tag="700" ind1=" " ind2=" ">
    <subfield code="a">Pott, Vincent</subfield>
  </datafield>
  <datafield tag="700" ind1=" " ind2=" ">
    <subfield code="a">Kayal, Maher</subfield>
    <subfield code="g">105540</subfield>
    <subfield code="0">240539</subfield>
  </datafield>
  <datafield tag="909" ind1="C" ind2="0">
    <subfield code="p">TTO</subfield>
    <subfield code="0">252085</subfield>
    <subfield code="x">U10021</subfield>
  </datafield>
  <datafield tag="909" ind1="C" ind2="0">
    <subfield code="p">ELAB</subfield>
    <subfield code="0">252315</subfield>
    <subfield code="x">U11978</subfield>
  </datafield>
  <datafield tag="909" ind1="C" ind2="O">
    <subfield code="o">oai:infoscience.tind.io:229029</subfield>
    <subfield code="p">STI</subfield>
  </datafield>
  <datafield tag="917" ind1="Z" ind2="8">
    <subfield code="x">105540</subfield>
  </datafield>
  <datafield tag="937" ind1=" " ind2=" ">
    <subfield code="a">EPFL-PATENT-229029</subfield>
  </datafield>
  <datafield tag="973" ind1=" " ind2=" ">
    <subfield code="a">EPFL</subfield>
  </datafield>
  <datafield tag="980" ind1=" " ind2=" ">
    <subfield code="a">PATENT</subfield>
  </datafield>
</record>