
<record>
  <controlfield tag="001">228424</controlfield>
  <controlfield tag="005">20180913064333.0</controlfield>
  <datafield tag="013" ind1=" " ind2=" ">
    <subfield code="a">US9085190</subfield>
    <subfield code="c">B2</subfield>
    <subfield code="b">US</subfield>
    <subfield code="d">20150721</subfield>
  </datafield>
  <datafield tag="013" ind1=" " ind2=" ">
    <subfield code="a">WO2014096936</subfield>
    <subfield code="c">A1</subfield>
    <subfield code="b">WO</subfield>
    <subfield code="d">20140626</subfield>
  </datafield>
  <datafield tag="013" ind1=" " ind2=" ">
    <subfield code="a">US2014168426</subfield>
    <subfield code="c">A1</subfield>
    <subfield code="b">US</subfield>
    <subfield code="d">20140619</subfield>
  </datafield>
  <datafield tag="024" ind1="7" ind2="0">
    <subfield code="a">50029155</subfield>
    <subfield code="2">EPO Family ID</subfield>
  </datafield>
  <datafield tag="024" ind1="7" ind2="0">
    <subfield code="a">6.1418</subfield>
    <subfield code="2">TTO</subfield>
  </datafield>
  <datafield tag="037" ind1=" " ind2=" ">
    <subfield code="a">PATENT</subfield>
  </datafield>
  <datafield tag="245" ind1=" " ind2=" ">
    <subfield code="a">Synthesis of authenticable halftone images with non-luminescent halftones illuminated by an adjustable luminescent emissive layer</subfield>
  </datafield>
  <datafield tag="260" ind1=" " ind2=" ">
    <subfield code="c">2014</subfield>
  </datafield>
  <datafield tag="269" ind1=" " ind2=" ">
    <subfield code="a">2014</subfield>
  </datafield>
  <datafield tag="336" ind1=" " ind2=" ">
    <subfield code="a">Patents</subfield>
  </datafield>
  <datafield tag="520" ind1=" " ind2=" ">
    <subfield code="a">A method and computing system are proposed for producing an authenticable security device with two sides. The verso side is covered with an adjustable luminescent emissive layer formed by invisible luminescent ink halftones and possibly a UV absorbing printed layer. The recto side is covered with transmissive non-luminescent ink halftones. The backlit colors resulting from the emissions of the luminescent layer or resulting from illumination by normal white light through the transmissive non-luminescent ink halftones are predicted by a backlighting model. This model enables computing the surface coverages of the luminescent and/or non-luminescent ink halftones in order to obtain a desired color either under excitation light (UV light) or under normal white light. This enable creating authenticable backlit images substantially similar to pre-stored reference images, either under normal white light, under excitation light, or under both the normal white light and the excitation light.</subfield>
  </datafield>
  <datafield tag="700" ind1=" " ind2=" ">
    <subfield code="a">Andres, Julien</subfield>
    <subfield code="g">160214</subfield>
    <subfield code="0">242317</subfield>
  </datafield>
  <datafield tag="700" ind1=" " ind2=" ">
    <subfield code="a">Hersch, Roger D.</subfield>
    <subfield code="g">105390</subfield>
    <subfield code="0">242314</subfield>
  </datafield>
  <datafield tag="909" ind1="C" ind2="0">
    <subfield code="p">TTO</subfield>
    <subfield code="0">252085</subfield>
    <subfield code="x">U10021</subfield>
  </datafield>
  <datafield tag="909" ind1="C" ind2="0">
    <subfield code="p">LSP</subfield>
    <subfield code="0">252034</subfield>
    <subfield code="x">U10417</subfield>
  </datafield>
  <datafield tag="909" ind1="C" ind2="O">
    <subfield code="o">oai:infoscience.tind.io:228424</subfield>
    <subfield code="p">IC</subfield>
  </datafield>
  <datafield tag="917" ind1="Z" ind2="8">
    <subfield code="x">105390</subfield>
  </datafield>
  <datafield tag="937" ind1=" " ind2=" ">
    <subfield code="a">EPFL-PATENT-228424</subfield>
  </datafield>
  <datafield tag="973" ind1=" " ind2=" ">
    <subfield code="a">EPFL</subfield>
  </datafield>
  <datafield tag="980" ind1=" " ind2=" ">
    <subfield code="a">PATENT</subfield>
  </datafield>
</record>
</collection>